3240 4938
794 287 839 352 20

253 467 431 532 ceterorum
466 464 626 550 scriptura
654 464 799 549 profecta
828 467 871 530 sit
902 465 987 531 baud
1017 464 1113 531 dubie
1141 489 1160 532 a
1189 467 1375 544 correctore,

253 573 308 658 qui
331 576 472 639 metrum
494 575 654 661 corrigere
678 572 864 641 conabatur.

342 682 489 768 Apparet
519 683 627 748 antem
656 682 707 746 his
736 685 808 747 octo
836 681 914 748 locis
942 703 1020 767 quos
1049 681 1142 747 modo
1164 680 1375 747 tractavimus

253 793 390 858 codicem
431 789 459 855 G
497 789 697 856 bacbmauni
738 789 830 854 libris
875 790 1014 875 pristina
1051 789 1177 855 librarii
1215 789 1375 873 scriptura

251 902 430 985 praestaro,
466 921 531 964 non
554 898 819 977 correctionibns3
849 902 924 965 sunt
951 899 1052 984 igitur
1081 897 1219 963 eiusdem
1248 895 1375 983 generis

251 1011 349 1093 atque
372 1007 432 1088 illi,
456 1027 535 1091 quos
558 1007 594 1072 in
614 1005 709 1072 initio
724 1006 819 1072 huius
835 1007 1061 1092 disputationis
1077 1005 1301 1091 congessimus.
1331 1003 1374 1069 Et

250 1116 386 1183 fortasse
414 1117 513 1182 etiam
541 1115 684 1201 pertinet
714 1115 777 1181 huc
806 1139 924 1196 nonus,
960 1114 1097 1200 64‚249,
1133 1136 1195 1198 quo
1226 1113 1373 1180 dubitare

249 1223 337 1305 licet,
361 1224 437 1308 quid
461 1221 608 1290 Catullus
632 1223 811 1308 scripserit:

413 1333 500 1409 Quae
524 1342 643 1398 tamen
666 1342 887 1417 prospectans
910 1333 1063 1396 cedentem
1085 1341 1203 1396 maesta
1222 1336 1372 1400 canaam.

339 1439 433 1507 Hauc
456 1439 648 1524 scripturam
673 1443 785 1525 aperte
808 1439 956 1505 vitiosam
981 1439 1104 1506 babent
1127 1438 1172 1504 G¹
1203 1444 1236 1506 et
1259 1439 1296 1521 Ο,
1321 1440 1367 1506 G¹

238 1548 435 1636 'corrigendo
450 1548 570 1614 effecit:

232 1662 236 1670 '
412 1659 500 1735 Oaae
523 1666 623 1721 tamen
648 1665 812 1739 aspectans
835 1658 987 1722 cedentem
1010 1667 1128 1722 maesta
1151 1661 1292 1723 cannam

248 1766 343 1850 idque
358 1764 583 1831 Lachmannus
607 1786 624 1829 e
647 1764 712 1829 suis
735 1765 827 1830 libris
850 1764 959 1830 edidit.
998 1761 1108 1849 Neque
1132 1766 1244 1850 negari
1263 1768 1371 1851 potest

248 1873 308 1940 hoc
332 1879 418 1942 recte
448 1873 510 1939 dici
532 1894 633 1958 posse.
680 1871 740 1940 Sed
771 1874 798 1938 si
826 1873 1031 1939 recordamur
1058 1873 1199 1937 locorum
1228 1874 1369 1956 illorum,

248 1983 424 2068 dequibus
449 1983 540 2049 modo
563 1982 697 2069 egimus,
719 1979 856 2064 suspicio
879 1981 1004 2047 oriatur
1026 2003 1152 2048 necesse
1175 1985 1238 2061 cst,
1268 2005 1309 2048 ne
1332 1988 1369 2049 ut

246 2091 312 2157 illis
340 2092 385 2158 sio
413 2092 466 2157 hic
494 2113 619 2176 quoque
647 2090 807 2174 scriptura
837 2092 940 2156 metro
973 2091 1164 2156 conveniens
1197 2092 1370 2158 correctori

246 2199 410 2266 debeatur.
445 2198 494 2265 Ea
505 2198 641 2282 suspicio
657 2197 807 2262 firmatur
827 2219 873 2277 eo,
896 2196 980 2280 quod
995 2197 1073 2262 duos
1088 2201 1188 2264 testes
1204 2198 1367 2280 habemns¹

245 2308 359 2392 quiin
382 2304 413 2371 V
437 2328 517 2392 qnae
539 2316 640 2370 tannen
661 2313 865 2389 prospectans
888 2303 985 2370 fuisse
1007 2308 1181 2388 testantur,
1205 2305 1250 2371 G¹
1272 2311 1306 2373 et
1330 2307 1366 2374 Ο.

142 2472 154 2497 ,
244 2415 283 2481 ln
316 2414 512 2481 emendando
545 2415 647 2500 igitur
681 2412 943 2498 proficiscendum
977 2413 1105 2480 videtur
1139 2437 1179 2480 ex
1207 2416 1367 2503 scriptura

146 2545 148 2549 ·
245 2546 325 2609 qaae
348 2535 450 2589 tamcn
472 2533 685 2608 prospectans.
731 2520 776 2586 Er
803 2521 869 2588 iam
896 2523 977 2590 duae
1000 2525 1116 2609 patent
1143 2524 1224 2605 vise,
1252 2526 1366 2607 altera,

243 2635 281 2696 nt
314 2633 469 2718 probetur
502 2635 594 2697 vetus
632 2632 691 2697 illa
724 2630 906 2697 coniectura
941 2654 1021 2717 qaae
1055 2641 1157 2698 tamen
1192 2639 1366 2718 aspectans,

242 2739 361 2819 alters,
395 2742 433 2804 ut
467 2761 539 2805 cum
568 2737 737 2805 Schwabio
765 2737 924 2803 scribatur
953 2762 1034 2825 qaae
1063 2751 1125 2806 tarn
1153 2752 1365 2825 prospectans.

242 2844 318 2926 Nos,
341 2868 538 2931 quamquam
571 2867 647 2914 saue
681 2844 752 2910 fieri
785 2845 903 2930 potuit,
937 2851 975 2913 ut
1008 2849 1161 2916 librarius
1195 2851 1366 2915 memoriae

241 2955 335 3039 lapsu
358 2955 563 3021 excursibus
587 2953 641 3022 52.
666 2954 719 3022 60.
745 2952 798 3021 61.
823 2954 876 3035 62,
900 2955 1014 3041 quibus
1035 2959 1171 3024 eundem
1186 2959 1220 3023 in
1236 2957 1364 3024 modum

239 3060 381 3130 Ariadne
405 3063 595 3130 describitur
617 3066 716 3148 atque
739 3062 907 3130 hocloco:

399 3174 540 3257 Namque
561 3173 741 3256 fluentisono
763 3184 1002 3258 prospectans
1025 3177 1113 3240 litore
1137 3177 1216 3240 Diae
1238 3213 1282 3222 —

402 3282 497 3358 Onera
519 3284 630 3365 procat
652 3304 692 3345 ern
716 3285 789 3365 atpa
812 3287 936 3348 maestis
959 3285 1070 3348 Minois
1092 3287 1194 3349 ocellis

399 3391 507 3454 Scaea
530 3398 564 3452 nt
587 3391 705 3472 effipics
728 3391 907 3456 bacchantis
929 3396 1094 3476 prospicit
1118 3395 1222 3469 eabae,

397 3499 568 3581 Prospieit
590 3507 619 3561 et
637 3546 644 3562 .
662 3544 670 3561 .
689 3547 696 3562 .

236 3615 440 3689 prospectans
463 3627 521 3691 pro
544 3604 684 3693 genuino
708 3615 873 3690 aspectans
895 3606 958 3671 buc
981 3605 1118 3670 inferret
1135 3606 1230 3692 (idem
1247 3606 1360 3671 vitium

237 3714 439 3781 commissum
463 3717 513 3779 est
537 3715 569 3779 in
585 3736 614 3782 v.
632 3715 698 3780 389
722 3713 802 3779 inD
827 3716 861 3777 et
883 3713 917 3779 in
934 3736 963 3780 v.
981 3715 1046 3779 243
1069 3713 1104 3779 in
1127 3715 1242 3795 codice,
1266 3736 1362 3799 quem

235 3819 367 3889 Ellisius
390 3824 502 3888 littora
525 3847 544 3889 a
568 3821 789 3912 significavit),
819 3823 921 3908 magis
944 3821 1011 3886 fere
1034 3843 1071 3886 eo
1093 3823 1293 3903 inclinamus¹
1324 3825 1362 3886 ut

235 3929 371 3993 alteram
401 3929 620 4016 ingrediamur
647 3932 733 3997 viam
761 3931 964 3998 recordantes
993 3953 1088 4015 quam
1113 3951 1207 4015 saepe
1230 3932 1361 3997 voculae

234 4046 296 4100 tam
320 4039 478 4102 ettamen
502 4038 553 4114 (tri
574 4042 607 4103 et
630 4041 678 4118 tn)
703 4040 886 4107 alibraniis
910 4042 1158 4106 commutentur.

324 4145 491 4210 immerito
514 4149 623 4212 antem
645 4147 858 4216 Baehrensius
882 4171 921 4214 ex
944 4149 1115 4233 scriptura,
1138 4168 1235 4232 quam
1258 4144 1303 4210 Gr¹
1327 4148 1360 4210 et
