3240 4938
812 330 854 394 ’13

272 535 351 597 egro
374 510 514 597 ponitur,
538 511 576 576 de
600 531 663 596 quo
679 508 792 576 Festus
814 534 846 595 p.
864 508 927 574 244
954 510 1013 575 hoe
1036 509 1129 575 dicit:
1153 514 1250 576 salnes
1273 520 1317 574 est
1343 511 1396 574 uti

272 625 367 687 siluae
403 631 431 683 et
463 623 622 703 pastiones
656 628 740 697 sunt,
776 639 907 702 quonum
936 639 1033 683 causa
1062 641 1155 685 casae
1185 639 1304 702 quaque
1333 621 1392 682 etc.

272 729 323 794 Itu
352 728 559 812 perspicitur,
588 750 652 811 qun
680 727 806 791 ratione
836 724 896 790 dici
920 726 1035 811 possit:
1074 731 1171 793 sotus
1193 728 1284 791 babel
1307 729 1338 790 ln
1362 748 1394 789 sc

272 848 368 920 prato
392 858 472 902 orca
495 839 631 919 inqentes
653 837 747 900 siloas
772 836 930 916 saltusque
951 836 1150 916 paludesque.
1199 831 1393 898 Monendum

273 949 380 1010 autem
405 947 464 1021 est,
488 948 677 1027 inqentesne
700 942 739 1006 ud
763 942 868 1006 solum
890 944 994 1020 siloas,
1012 940 1065 1005 sed
1090 942 1128 1006 ud
1146 941 1210 1007 trie
1226 941 1284 1007 ille
1299 945 1394 1006 siloas

272 1055 428 1136 saltusque
450 1054 639 1134 paludesque
661 1048 823 1115 trahetur.
859 1047 911 1114 Mc
935 1048 1036 1132 igitur
1061 1047 1164 1113 fateor
1189 1049 1271 1115 bunc
1293 1049 1394 1132 scrip-

275 1163 383 1224 turum
412 1180 520 1224 veram
550 1163 583 1224 et
610 1181 629 1222 s
653 1155 782 1222 Catullo
811 1155 985 1239 profectum
1016 1160 1142 1239 putere.
1195 1154 1306 1241 Neque
1334 1156 1394 1222 hoc

273 1264 300 1328 si
326 1265 374 1331 ita
408 1287 474 1330 esse
509 1266 670 1350 ponimus,
705 1263 837 1328 dubium
871 1267 935 1342 est,
972 1263 1053 1328 unde
1082 1263 1204 1330 Dotani
1233 1263 1393 1349 scripture
1495 1333 1501 1342 ,

273 1373 428 1458 originem
464 1375 611 1440 traxerit.
668 1369 751 1438 Nom
783 1392 855 1437 cum
890 1371 925 1436 in
960 1371 1098 1458 genuina
1128 1371 1289 1457 scripture
1316 1373 1394 1438 insit

272 1479 401 1546 lieentia
426 1481 568 1561 metrice,
593 1504 656 1566 qus
680 1481 750 1564 quis
774 1479 868 1545 facile
891 1477 1005 1544 adduci
1028 1479 1181 1564 potuerit,
1206 1484 1243 1544 nt
1266 1501 1393 1545 versum

271 1593 458 1674 corruptum
505 1590 722 1666 existimaret,
767 1585 890 1652 Dutani
933 1590 1040 1652 autem
1087 1588 1245 1671 scripturo
1289 1589 1394 1653 metro

271 1695 399 1782 egregie
422 1698 601 1772 conveniet,
626 1694 710 1760 hunc
734 1698 911 1760 statuemus
936 1715 974 1758 ex
998 1693 1055 1760 illu
1077 1694 1264 1779 corrigendo
1288 1699 1392 1760 ortam

272 1824 347 1869 esse.

364 1912 484 1992 64‚107

432 2022 625 2085 indomitus
648 2020 749 2083 turbo
773 2029 977 2102 contorquens
998 2019 1120 2100 tarnim
1142 2019 1246 2081 ratur.

361 2126 449 2194 Haec
473 2126 699 2193 Lachmannus
723 2123 754 2187 in
778 2121 882 2206 primo
906 2125 1043 2190 editione
1064 2124 1204 2210 scripsit,
1228 2127 1280 2192 sed
1304 2130 1393 2210 post·

271 2257 367 2319 quem
392 2231 580 2322 Spengelius
607 2235 783 2298 indomitum
806 2234 914 2297 turben
937 2232 1138 2298 scribendum
1160 2235 1337 2318 proposuit,
1361 2239 1393 2298 et

272 2341 496 2408 bethmannus
509 2341 592 2408 hene
604 2340 822 2407 coniecturum
838 2339 869 2404 in
887 2362 960 2425 spp.
972 2343 1044 2406 crit.
1065 2339 1212 2407 editionis
1235 2363 1394 2409 commen·

270 2451 360 2515 davit
373 2448 575 2534 etHenptius
588 2448 706 2532 aliique
718 2469 788 2515 sum
800 2449 835 2513 in
847 2453 939 2513 textu
953 2452 1137 2533 posuerunt.
1153 2447 1261 2534 Atque
1273 2451 1394 2518 duobus

271 2556 396 2624 indiciis
432 2559 609 2622 commotus
641 2552 831 2641 Spengclius
865 2556 909 2621 sic
945 2554 1108 2622 Catullum
1144 2557 1307 2643 scripsisse
1333 2560 1394 2625 sibi

275 2662 444 2744 persuasit.
481 2661 623 2726 Primum
648 2661 732 2726 enim
757 2664 838 2729 liber
856 2662 935 2729 Dati
959 2663 1089 2730 exhibet
1103 2667 1282 2731 indomitum
1304 2670 1394 2734 turta

273 2789 332 2852 pro
355 2772 533 2836 ceterorum
557 2769 712 2836 librorum
736 2769 896 2854 scripture
923 2774 1087 2838 indomitus
1109 2775 1209 2840 turta.
1256 2773 1337 2839 'lum
1361 2775 1394 2841 in

274 2877 379 2944 Servii
414 2899 527 2944 comm.
562 2878 602 2944 sd
631 2876 803 2943 Aeneidem
834 2877 975 2960 vnete
1006 2878 1083 2947 haec
1110 2885 1238 2948 extant:
1276 2885 1395 2960 Turbo;

272 2990 408 3054 Catullus
443 2990 500 3053 toa
534 2988 642 3053 turben
677 2989 751 3052 dicit
784 2997 817 3050 ut
850 2991 908 3053 too
937 3010 1070 3054 cannen.
1117 2992 1174 3055 Est
1208 2996 1309 3057 aulem
1344 2996 1394 3058 liic

271 3098 371 3175 turta,
394 3099 475 3161 unde
499 3097 629 3160 turbinis
651 3097 739 3176 fucit.
776 3097 857 3161 Nam
876 3102 903 3163 sl
920 3099 1069 3164 Turbonis
1081 3102 1131 3176 sit,
1155 3103 1212 3164 erit
1229 3121 1249 3164 a
1264 3105 1393 3184 proprio

275 3208 393 3269 nornine
426 3207 591 3287 qenetr’cus.
639 3202 746 3287 Atque
781 3203 864 3286 quod
899 3203 932 3270 in
969 3205 998 3270 D
1033 3208 1211 3272 indomitum
1243 3207 1391 3288 hebetur,

274 3307 348 3373 huic
372 3307 419 3372 rei
441 3330 506 3375 non
530 3309 662 3376 nimium
687 3311 892 3377 tribuendum
916 3309 1054 3392 ridetur,
1078 3336 1150 3380 curn
1174 3315 1262 3382 facili
1286 3338 1393 3384 errore

270 3415 462 3482 adieetirum
485 3421 648 3483 indomitus
671 3422 729 3485 ant
752 3419 791 3484 ud
817 3440 924 3485 vocem
946 3425 1052 3502 plnum
1076 3423 1248 3489 assimilari
1272 3428 1330 3490 unt
1352 3425 1392 3491 od

270 3526 366 3589 robur
408 3523 495 3590 trahi
539 3527 693 3611 potnerit.
755 3527 805 3592 Ad
844 3524 989 3593 Servium
1034 3533 1143 3595 autern
1182 3537 1393 3617 provocantes

271 3632 440 3719 neglegere
464 3656 528 3700 non
557 3635 674 3700 debent
697 3633 894 3715 Charinum,
924 3636 980 3718 qui
1003 3639 1036 3702 in
1060 3639 1135 3706 inst.
1159 3660 1295 3724 gramm.
1321 3638 1337 3703 I
1360 3664 1392 3726 p.

273 3740 316 3804 64
344 3739 384 3807 Κ.
409 3742 521 3808 scribit
544 3743 637 3810 hoec:
671 3743 782 3822 Turbo,
805 3749 833 3808 sr'
855 3748 894 3809 ss't
916 3752 1077 3830 proprium
1100 3767 1219 3825 saonen,
1245 3747 1394 3815 Turbonis

272 3852 361 3930 fucit,
383 3854 410 3914 sr'
426 3854 655 3934 appellativum,
673 3853 820 3926 turtiniu
843 3873 915 3917 nan
931 3857 994 3919 sice
1009 3863 1116 3920 ocntus
1130 3858 1194 3920 stoc
1210 3877 1270 3940 quo
1287 3859 1393 3923 ludunt

269 3960 370 4040 punt,
394 3960 444 4022 lu'c
460 3960 549 4024 turta
565 3961 686 4036 dicitur,
708 3982 769 4026 narr
785 3969 818 4025 ur
842 3962 967 4044 quidam
990 3965 1079 4028 stulte
1102 3965 1150 4028 lu'o
1173 3965 1281 4030 turben
1298 3967 1392 4030 diae-

271 4075 341 4132 runt
363 4087 529 4150 puerorum
535 4090 549 4143 ;
570 4089 643 4133 nam
669 4069 817 4153 l'erpit'us
840 4072 936 4135 aiut:

696 4186 777 4243 torto
799 4179 855 4243 sub
881 4179 1006 4244 subere
1029 4180 1128 4246 turta.

270 4282 303 4346 et
337 4279 452 4349 ibidem
477 4304 508 4368 p.
540 4284 603 4350 144
628 4287 661 4350 et
688 4283 749 4350 145
766 4283 806 4350 Κ.
831 4284 925 4352 haec:
962 4287 1063 4353 Turba
1081 4287 1239 4365 Turbonis,
1262 4292 1289 4352 sl
1310 4310 1392 4372 pro-
