3240 4938
794 317 835 384 57

259 503 324 566 rius
348 501 484 564 alteram
509 497 666 582 syllabam
691 508 725 562 to
748 496 892 582 neglexit
915 501 947 560 et
972 496 1108 580 primam
1126 497 1282 580 syllabam
1300 498 1384 563 vocis

258 611 416 693 requirnnt
451 605 547 671 verbo
576 604 781 688 praecedenti
811 603 932 684 affixit,
962 625 1025 687 quo
1055 604 1140 669 facto
1168 626 1226 688 pro
1260 609 1383 689 quirunt

256 717 411 802 scriptum
447 715 496 778 est
531 723 691 797 quoerant.
743 711 793 776 Ex
821 712 882 776 hac
910 714 1019 776 autem
1051 712 1211 797 scriptura
1235 714 1384 778 meditare

257 835 419 910 paruerunt,
444 844 525 907 quae
549 820 581 885 in
600 818 628 885 G
652 820 800 899 habetur,
824 841 935 885 verum
957 818 1112 905 indagare
1129 819 1290 885 difficilius
1313 823 1385 886 erat

257 953 353 1016 quam
378 933 413 992 ut
440 927 500 994 hoc
528 927 607 993 iuD
631 928 816 994 coniectura
842 931 948 992 ortum
976 948 1043 992 esse
1059 927 1210 995 credibile
1226 927 1383 994 videatur.

257 1038 357 1102 Poeta
388 1037 471 1100 enim
496 1036 557 1100 hoc
586 1036 655 1102 loeo
684 1036 817 1100 uerbum
840 1035 1022 1119 requirendi
1046 1057 1111 1101 non
1133 1036 1254 1101 usitato
1278 1036 1385 1120 posuit

259 1165 370 1222 sensu,
406 1145 461 1208 sed
496 1144 542 1208 ita
576 1146 613 1208 ut
648 1143 690 1206 sit
720 1143 841 1227 aliquid
868 1165 1016 1209 revocare
1043 1143 1104 1208 sibi
1131 1143 1163 1208 in
1188 1144 1383 1212 memoriam.

259 1251 370 1337 Neque
393 1251 487 1316 Italis
511 1251 660 1340 contigit,
690 1255 727 1316 ut
750 1251 921 1336 genuinam
944 1250 1138 1336 scripturam
1162 1253 1384 1318 restituerent:

257 1362 307 1426 illi
333 1360 417 1425 euim
443 1359 639 1444 scripserunt
662 1363 859 1425 meditamina
876 1369 1036 1444 quaeruut.
1072 1359 1160 1436 Quod
1185 1364 1293 1425 autem
1308 1382 1384 1448 gra·

261 1468 424 1535 vissimum
451 1469 509 1547 est,
534 1472 720 1554 corruptum
743 1467 824 1533 illud
841 1474 1046 1553 ineruptacqae
1061 1490 1080 1533 a
1096 1470 1185 1535 nullo
1200 1472 1384 1534 contactum

257 1580 434 1644 correctore
462 1576 559 1642 etiam
579 1575 606 1640 D
630 1577 777 1656 exhibet:
800 1579 884 1643 unde
906 1580 1043 1663 apparet
1066 1599 1168 1662 neque
1189 1577 1385 1643 sententiam

256 1685 405 1751 versiculi
434 1709 453 1750 a
479 1685 621 1752 codicum
651 1685 791 1750 librariis
821 1690 1023 1772 perspectam
1047 1707 1113 1752 esse
1137 1705 1238 1770 neque
1262 1684 1384 1750 exitum

259 1795 446 1878 corruptum
477 1794 519 1858 ab
549 1792 594 1857 eis
621 1792 728 1858 sanari
757 1791 909 1877 potuisse.
961 1793 1077 1878 Itaque
1103 1792 1200 1859 etiam
1232 1792 1384 1858 hocloco

257 1921 444 1986 persuasum
485 1900 640 1966 habemus
675 1921 784 1965 veram
819 1901 1012 1984 scripturam
1042 1896 1130 1963 inV
1160 1899 1256 1965 fuisse
1285 1903 1317 1965 et
1345 1923 1384 1965 ex

257 2009 320 2075 hoc
343 2009 427 2074 libro
450 2009 483 2072 in
507 2008 536 2072 D
558 2005 749 2093 pervenisse.
784 2005 831 2072 At
854 2009 953 2074 etiam
977 2010 1163 2092 corruptum
1186 2007 1267 2073 illud
1283 2010 1383 2074 medi-

260 2127 328 2184 tare
353 2127 503 2202 quaerunt
527 2115 560 2180 in
576 2114 608 2180 V
624 2114 720 2180 fuisse
744 2135 841 2201 supra
856 2115 1002 2183 vidimus.
1040 2115 1104 2181 Res
1127 2115 1172 2182 sic
1195 2116 1385 2202 explicanda

257 2229 320 2290 est:
344 2247 416 2291 cum
445 2224 641 2293 verisimile
669 2225 713 2290 sit
740 2225 858 2290 librum
881 2222 912 2287 V
936 2248 955 2289 a
984 2224 1118 2291 librario
1141 2225 1294 2291 collatum
1318 2247 1384 2292 esse

260 2355 330 2398 oum
356 2334 419 2399 alio
444 2333 559 2414 codiee,
583 2355 646 2398 non
671 2333 738 2398 sine
754 2333 984 2418 probabilitate
1009 2331 1152 2399 videmur
1176 2338 1320 2401 statuere
1344 2337 1385 2402 ab

257 2441 318 2507 hoc
351 2440 485 2508 librario
515 2441 708 2526 scripturam
729 2446 885 2508 ‘meditare
912 2451 1064 2527 quaerunt
1092 2446 1268 2509 correctam
1301 2465 1384 2512 esse:

257 2570 354 2631 quam
389 2549 616 2615 correctionem
647 2550 692 2629 is,
727 2551 782 2634 qui
811 2550 1022 2635 archetypum
1050 2549 1172 2616 Datani
1200 2573 1240 2617 ex
1269 2552 1300 2618 V
1330 2552 1385 2618 de·

257 2655 428 2735 scribebat,
453 2659 537 2721 recte
553 2655 725 2738 intellexit,
743 2657 841 2724 ceteri
856 2657 982 2724 librarii
998 2662 1134 2725 autnon
1152 2658 1386 2727 intellexerunt

258 2768 317 2830 aut
340 2765 470 2830 omnino
494 2766 715 2852 neglexerunt.

345 2871 504 2940 Carminis
529 2873 572 2940 65
596 2895 706 2941 versus
730 2896 833 2941 nonus
857 2873 947 2940 abest
972 2899 991 2942 a
1015 2873 1043 2939 G
1066 2874 1144 2941 etO
1167 2880 1201 2941 st
1224 2876 1386 2962 plerisque

256 2965 357 3049 libris.
403 2983 444 3049 In
472 2983 502 3048 D
539 2987 572 3048 et
600 2984 635 3047 in
666 2983 811 3049 Parisino
841 2983 927 3048 7989
959 2982 1014 3069 (Ρ1
1051 2974 1135 3067 apud
1164 2978 1384 3069 Schwabium)

257 3086 336 3154 haec
359 3089 534 3157 habentur:
919 3081 921 3085 ’

419 3198 569 3282 Alloquor
593 3201 721 3262 oedmro
745 3219 901 3281 nunquam
924 3207 978 3261 tua
1115 3200 1294 3282 loquentem.

259 3301 379 3368 Eadem
414 3304 482 3370 siue
516 3305 634 3371 lacuna
665 3308 778 3372 extant
811 3305 844 3369 in
873 3303 1101 3372 Ellisianorum
1135 3330 1200 3373 uno
1234 3306 1289 3394 (c)
1346 3307 1384 3372 In

256 3410 389 3496 reliquis
423 3412 531 3494 libris,
567 3413 622 3498 qui
656 3413 741 3480 huuc
775 3435 903 3479 versum
939 3415 1092 3482 exhibent
1123 3415 1177 3502 (ef.
1207 3436 1280 3480 ann.
1312 3415 1384 3482 orit.

257 3517 375 3606 Ellis),
400 3523 516 3587 lacuna
541 3522 598 3589 illa
622 3523 711 3589 vario
735 3523 827 3588 modo
850 3526 981 3610 expleta
1005 3528 1053 3592 est
1072 3536 1127 3590 lua
1141 3527 1237 3590 cerba
1253 3527 1383 3608 loquen-

257 3637 315 3694 tem
339 3632 390 3695 vel
414 3640 469 3694 tao
491 3633 563 3714 falc
586 3634 606 3697 l.
653 3629 725 3696 Viri
749 3632 835 3698 docti
858 3631 915 3698 alii
939 3634 1170 3718 interpolatum
1192 3630 1384 3698 versiculum

260 3741 389 3822 putant,
418 3737 474 3804 alii
503 3739 636 3824 abipso
660 3737 790 3806 catullo
812 3741 1000 3826 proiectum.
1048 3740 1190 3816 Quorum
1212 3763 1229 3806 e
1253 3761 1386 3807 numero

167 3838 169 3844 ’
258 3843 415 3928 copiosius
449 3843 488 3910 de
511 3846 571 3912 hoe
594 3868 687 3912 versu
711 3849 778 3934 egit
801 3847 1005 3929 Schwabius,
1035 3850 1091 3933 qui
1114 3871 1310 3934 quamquam
1333 3871 1383 3917 vv.

256 3953 368 4019 9-14
393 3975 434 4018 ex
456 3952 516 4019 hoc
538 3954 678 4020 carmine
695 3957 902 4024 removendos
927 3979 996 4024 esse
1019 3960 1052 4021 et
1073 3957 1327 4042 transponendus
1350 3957 1383 4022 in
1442 4023 1445 4030 ,

257 4085 285 4130 c.
311 4063 373 4128 101
405 4061 522 4128 iniuria
546 4062 667 4130 Haasio
694 4065 864 4146 concessit,
894 4069 1003 4131 tamen
1032 4067 1070 4133 de
1094 4088 1186 4132 versu
1209 4088 1292 4132 nono
1315 4066 1384 4151 ipso

259 4174 345 4236 recte
369 4172 496 4237 videtur
520 4171 685 4238 iudicasse.
731 4171 763 4235 Is
793 4172 933 4239 enimin
958 4178 1079 4258 quaest.
1104 4173 1138 4239 Ο.
1162 4197 1193 4260 p.
1218 4174 1282 4240 277
1306 4173 1385 4240 haec

258 4275 296 4341 de
333 4299 369 4342 eo
398 4279 525 4345 scribit:
561 4301 669 4346 versus
698 4302 796 4346 nonne
820 4283 1006 4366 (adloquar)
1034 4287 1065 4348 in
1093 4285 1179 4347 bonis
1202 4283 1383 4365 quidusdam
