3240 4938
751 272 839 401 lu

258 453 335 518 libri
363 450 389 516 G
418 452 516 518 falsas
544 451 742 518 coniecturas
772 473 838 516 esse
872 451 939 517 eius
973 452 1029 537 qui
1061 453 1199 526 codicem
1228 452 1382 530 exaravit,

261 560 329 624 fieri
353 583 414 626 non
438 563 557 645 potest,
581 560 657 643 quin
682 559 790 639 ceteri,
816 581 888 625 cum
904 559 971 625 fere
986 559 1103 644 ubique
1119 583 1190 625 oum
1207 563 1384 626 correctore

260 669 335 734 libri
359 667 387 733 G
410 667 623 746 consentiant,
647 689 687 731 ex
710 667 770 732 hoc
793 668 876 732 libro
899 666 1061 734 fluxerint.
1098 666 1159 734 Sed
1183 668 1238 752 qni
1262 688 1384 733 correc-

259 779 361 843 tiones
396 777 472 842 libri
501 774 527 840 G
556 773 704 841 accurate
738 775 964 858 perlustrabit,
1000 775 1029 840 ei
1063 776 1180 841 mirum
1215 775 1383 852 videbitur,

258 887 343 971 quod
366 885 582 951 Baehrensiue
606 883 644 948 de
667 904 816 967 perverso
839 884 1025 949 correctoris
1048 884 1164 950 iudicio
1188 883 1280 959 dicit3
1309 905 1384 947 nam

260 997 288 1061 si
311 1017 374 1072 eas,
398 1015 480 1077 quae
505 992 544 1057 ad
560 991 828 1078 orthographiam
844 992 1019 1075 pertinent,
1037 1014 1170 1058 numero
1186 992 1295 1076 paullo
1312 991 1385 1074 plus

262 1103 431 1188 sexaginta
454 1101 643 1178 omittimus,
668 1102 793 1163 restant
815 1098 882 1164 fere
903 1104 1031 1165 centum
1047 1101 1224 1184 sexaginta,
1249 1121 1386 1183 quarum

262 1211 357 1294 longe
380 1207 538 1292 plurimae
566 1212 693 1272 centum
721 1210 753 1271 et
776 1208 915 1291 quinque
939 1211 1049 1292 procul
1074 1208 1169 1273 dubio
1192 1228 1287 1273 verae
1310 1211 1386 1271 sunt

264 1322 297 1384 et
319 1338 399 1402 quas
428 1338 467 1379 ne
494 1316 561 1401 ipse
589 1315 716 1399 quidem
741 1315 954 1381 Baehrensius
983 1317 1125 1401 potuerit
1148 1339 1212 1382 non
1237 1316 1269 1379 in
1294 1320 1387 1381 textu

263 1448 390 1511 ponere.
425 1425 566 1502 Quarum
590 1446 606 1488 e
630 1446 761 1489 numero
785 1425 954 1510 sexaginta
978 1426 1053 1491 locis
1074 1425 1154 1490 vitia
1170 1425 1386 1512 corriguntur,

262 1557 343 1620 quae
368 1534 472 1600 scriba
489 1533 604 1598 codicis
620 1531 648 1597 G
664 1533 697 1597 in
715 1532 918 1598 describendo
935 1537 1026 1599 textu
1043 1533 1235 1599 commisisse
1251 1533 1386 1611 videtur,

263 1665 334 1709 cum
359 1643 386 1709 Ο
410 1663 520 1706 veram
544 1641 736 1726 scripturam
761 1642 925 1725 praebeat.
960 1642 1038 1709 lnde
1054 1643 1166 1728 igitur,
1189 1641 1274 1726 quod
1290 1639 1389 1706 ceteri

262 1753 337 1818 libri
361 1762 433 1816 cum
457 1747 503 1814 G’
525 1753 557 1814 et
582 1748 609 1814 Ο
633 1749 847 1829 consentiunt,
872 1773 935 1816 non
959 1751 1104 1836 sequitur
1127 1771 1179 1816 eos
1203 1773 1242 1815 ex
1263 1747 1301 1828 G,
1325 1771 1388 1814 non

263 1859 456 1924 Vfluxisse.
504 1854 625 1921 (leteris
653 1855 730 1922 locis
759 1859 975 1944 quadraginta
1001 1859 1141 1942 quinque
1173 1858 1243 1923 fieri
1272 1861 1389 1942 potest,

265 1973 301 2032 ut
330 1967 424 2046 vitia,
460 1986 542 2050 quae
576 1965 609 2028 in
639 1963 667 2029 G
696 1989 715 2031 a
745 1972 921 2031 correctore
949 1965 1172 2045 emendantur,
1207 1965 1271 2031 iam
1301 1962 1388 2030 inV

265 2075 399 2154 fuerint,
430 2097 501 2140 cum
529 2073 563 2139 in
588 2071 615 2139 Ο
645 2074 755 2139 eadem
783 2074 966 2156 corruptela
995 2077 1092 2158 atque
1122 2074 1269 2158 aprima
1291 2097 1389 2140 manu

265 2185 296 2249 in
322 2183 350 2249 G
373 2187 471 2249 extet.
518 2181 562 2246 Et
590 2183 640 2246 his
671 2182 798 2266 quidem
827 2203 866 2246 ex
895 2181 972 2248 locis
1001 2182 1110 2268 colligi
1138 2185 1245 2267 potest
1268 2187 1390 2248 ceteros

264 2293 370 2358 libros
391 2313 431 2356 ex
454 2290 480 2355 G
510 2291 685 2375 descriptos
713 2312 793 2368 esse,
831 2262 994 2374 siquidem'
1019 2295 1146 2358 constat
1178 2296 1389 2359 correctorem

264 2401 339 2466 libri
367 2399 395 2465 G
424 2423 464 2465 ex
492 2421 548 2465 suo
578 2398 707 2485 ingenio
735 2399 918 2466 correxisse.
966 2398 1104 2465 Restant
1132 2401 1197 2465 iam
1231 2401 1390 2486 quinqua·

264 2509 358 2594 ginta
386 2509 526 2592 quinque
555 2508 631 2584 loci,
659 2508 774 2590 quibus
803 2506 834 2571 id
859 2507 942 2591 quod
966 2513 1125 2574 corrector
1151 2508 1257 2574 effecit
1279 2530 1390 2572 verum

266 2638 329 2680 non
357 2619 415 2680 est.
462 2614 506 2680 m
541 2618 616 2680 sunt
652 2616 750 2679 etiam
775 2616 859 2679 inter
889 2614 958 2692 hos,
989 2636 1027 2679 ex
1054 2615 1170 2700 quibus
1199 2616 1281 2680 idern
1310 2615 1391 2680 illud

267 2724 374 2811 colligi
404 2727 525 2807 potest,
565 2723 588 2786 ii
617 2723 753 2801 scilicet,
794 2723 909 2808 quibus
944 2721 990 2787 G¹
1019 2727 1052 2787 et
1080 2723 1177 2789 ceteri
1210 2721 1391 2807 praeterO

264 2855 430 2917 perversas
464 2831 661 2897 coniecturas
695 2833 866 2916 praebent,
902 2830 946 2896 G¹
977 2837 1010 2896 et
1039 2831 1066 2899 Ο
1096 2840 1153 2898 aut
1187 2854 1298 2898 verum
1334 2833 1392 2896 aut

265 2940 459 3024 scripturam
488 2942 674 3022 corruptam
703 2940 830 3022 quidem
860 2941 914 3005 sed
943 2943 1073 3026 propius
1098 2941 1138 3006 ad
1170 2963 1280 3006 verum
1304 2959 1391 3004 acce·

265 3050 403 3114 dentem.
455 3045 516 3113 Sed
546 3051 654 3112 tamen
686 3053 735 3110 est
765 3047 900 3131 aliquid,
930 3051 1014 3132 quod
1043 3055 1167 3130 monet,
1204 3071 1242 3114 ne
1272 3053 1392 3112 temere

266 3156 494 3222 Baehreneium
536 3156 582 3220 ita
621 3153 828 3238 colligentem
863 3177 1044 3238 sequamur.
1102 3157 1162 3233 Qui
1199 3157 1391 3240 apparatum

267 3264 412 3330 criticum
442 3263 635 3329 Ellisiannm
669 3261 931 3346 perlustraverit,
968 3266 1046 3330 sciet
1075 3289 1138 3332 non
1169 3286 1242 3330 raro
1271 3261 1392 3328 codices

266 3377 395 3456 praeter
423 3371 449 3437 G
479 3377 512 3437 et
536 3371 563 3437 Ο
591 3372 626 3436 in
656 3370 795 3435 diversas
824 3377 932 3456 partes
962 3374 1135 3453 discedere,
1165 3377 1291 3459 partem
1321 3391 1392 3434 curn

267 3477 327 3559 G',
362 3485 489 3565 partem
524 3502 596 3544 cum
626 3477 670 3542 G¹
701 3478 785 3544 etO
814 3479 927 3547 facere.
974 3481 1066 3548 Unde
1101 3484 1230 3549 tandem
1267 3481 1300 3544 in
1335 3479 1393 3543 hoe

266 3589 365 3661 libros
388 3587 536 3673 pervenit
560 3588 834 3673 scriptu1·a,quae
859 3593 934 3654 ante
957 3592 1183 3657 correctionem
1207 3585 1286 3652 inG
1311 3585 1393 3649 suit?

246 3695 377 3762 -Potest
405 3695 531 3780 quidem
562 3700 649 3762 certo
678 3719 811 3762 numero
840 3699 981 3762 locorum
1010 3699 1113 3765 adhuc
1140 3695 1293 3781 dignosci,
1318 3693 1394 3777 quid

266 3802 311 3868 G¹
341 3803 520 3888 scripserit}
550 3803 603 3869 sed
632 3825 727 3888 aegre
753 3807 897 3883 tantum3
927 3827 1020 3890 saepe
1044 3809 1151 3871 autem
1176 3803 1241 3890 legi
1265 3801 1393 3868 omnino

266 3933 328 3976 non
352 3914 461 3996 potest
485 3912 594 3995 (39,11
622 3922 760 3978 etruscus
783 3913 823 3980 cf.
842 3913 1025 3979 Bonnetum
1047 3907 1070 3976 l.
1095 3908 1115 3974 l.
1136 3912 1213 3991 43,8
1229 3933 1255 3975 -o
1279 3913 1391 3975 seclum

266 4020 353 4099 51,3.
371 4020 393 4084 4
417 4020 531 4086 falsam
548 4043 695 4087 versuum
713 4021 973 4086 distributionem
991 4020 1127 4099 sanavit,
1152 4020 1191 4084 cf.
1210 4019 1392 4085 Bonnetum

266 4127 343 4207 51,5
366 4128 584 4214 miserossquod
608 4129 730 4209 64‚253
754 4140 783 4196 tc
808 4150 959 4213 quaerens
983 4128 1059 4208 69,5
1079 4131 1190 4214 fabula
1207 4151 1279 4212 quc,
1304 4127 1392 4212 alia).

266 4235 448 4317 Praeterea,
479 4242 516 4302 ut
546 4261 643 4324 supra
668 4239 732 4302 iarn
757 4238 955 4318 monuimus,
978 4239 1078 4302 libros
1101 4237 1172 4302 illos
1197 4257 1236 4300 ex
1259 4233 1287 4299 G
1311 4234 1409 4298 derit
