3240 4938
779 330 821 394 68

231 506 321 584 Quod
344 509 370 572 si
396 531 504 574 verum
529 512 587 587 est,
612 509 748 573 scribere
775 509 850 573 licet
873 512 930 573 aut
945 514 1038 592 pullis
1055 513 1199 576 abslersle'
1220 514 1277 576 aut
1296 515 1359 577 ab·

231 621 334 682 alermi
360 623 462 701 pullis.
496 617 636 694 Quorum
665 621 775 681 utrum
798 616 969 702 eligamus,
999 620 1118 702 pendet
1143 641 1182 684 ex
1205 642 1252 699 eo,
1279 621 1356 704 quid

232 723 405 792 iudicemus
430 726 467 790 de
491 726 598 790 hiatu:
622 729 732 788 utrum
748 723 912 790 Catullum
937 747 1007 789 eum
1031 727 1066 791 in
1090 749 1254 794 caesuram
1277 751 1359 812 pen·

232 835 363 898 tametri
392 834 554 900 admisisse
582 855 762 898 censeamus
799 854 906 898 necne.
965 832 1110 899 Pertinet
1139 840 1248 901 eutem
1278 837 1357 902 haec

232 941 270 1005 de
295 941 388 1006 hiatu
417 941 561 1025 quaestio
587 963 648 1006 non
673 942 775 1006 solum
799 941 836 1006 ad
864 939 947 1006 huno
970 943 1085 1022 locum,
1118 944 1293 1010 sedetiam
1318 945 1356 1009 ad

233 1052 375 1133 quinque
392 1050 482 1128 alios,
507 1071 642 1133 quorum
658 1071 721 1114 uno
738 1049 849 1114 itidem
865 1050 985 1115 codices
1001 1053 1087 1116 inter
1104 1074 1136 1117 se
1153 1052 1355 1118 dissentiunt.

232 1156 291 1222 Est
313 1159 341 1223 is
365 1179 474 1223 versus
500 1158 542 1222 10
566 1157 717 1224 carminis
742 1157 802 1222 76:

395 1267 499 1342 Quare
523 1288 579 1330 eur
603 1276 632 1331 le
654 1271 717 1330 iam
742 1270 874 1348 amplius
896 1272 1080 1333 excrucies?

232 1371 284 1438 Sic
319 1373 401 1438 enim
437 1373 470 1437 in
499 1372 526 1438 Ο
562 1380 594 1439 et
622 1373 650 1438 G
679 1379 713 1439 et
741 1375 901 1458 plerisque
930 1374 1090 1440 codicibus
1120 1379 1274 1462 scriptum
1299 1381 1357 1442 est.

230 1481 378 1547 Datanus
402 1503 474 1547 curn
504 1482 632 1549 asseclis
661 1483 725 1549 suis
749 1503 858 1546 rursus
885 1483 985 1547 aliurn
1015 1485 1186 1551 verborum
1216 1486 1358 1551 ordinem

233 1588 375 1669 exhibet,
400 1611 462 1673 quo
487 1589 595 1656 hiatus
620 1591 777 1656 evitatur:

396 1702 501 1777 Quare
525 1703 589 1764 ium
613 1710 641 1764 le
665 1723 721 1764 cur
744 1704 877 1784 urnplius
901 1705 1069 1766 excrucies.

233 1803 341 1870 (letari
364 1811 520 1890 quattuor
543 1809 605 1874 loci
629 1813 705 1873 sunt
730 1808 839 1888 66‚48.
867 1809 998 1887 68,158.
1024 1809 1111 1889 9l,2.
1138 1811 1257 1890 67,44:

393 1919 543 2001 luppiter,
568 1927 600 1982 ul
626 1919 792 2003 Chalybum
817 1941 904 1983 omae
927 1941 1022 2001 penus
1043 1929 1160 2000 pereat.

394 2029 421 2088 A
445 2048 504 2109 quo
528 2037 598 2091 ruat
622 2031 721 2110 primo
745 2031 848 2092 omniu
870 2036 948 2092 mola
972 2029 1060 2093 bouo.

395 2135 501 2198 Utrum
525 2156 560 2199 os
584 2156 625 2200 aa
649 2139 748 2200 culum
772 2138 938 2218 olfacerem
962 2138 1100 2200 Aemilio.

393 2243 501 2323 Sperat
525 2265 581 2307 uec
605 2246 739 2326 linquam
763 2266 828 2308 esse
851 2265 906 2307 uec
931 2247 1113 2308 auriculum.

231 2349 386 2427 Quorum
407 2350 514 2413 temen
549 2372 566 2414 e
601 2371 733 2415 numero
768 2354 902 2434 quartus
937 2350 1144 2415 removendus
1176 2351 1242 2430 cst,
1272 2348 1355 2430 quod

231 2457 460 2544 grammaticae
488 2457 607 2544 regulis
636 2462 669 2523 et
692 2457 870 2524 sententiae
900 2458 1024 2523 ratione
1048 2455 1268 2522 coniunctivus
1293 2456 1353 2520 im-

229 2566 364 2651 perfecti
388 2566 586 2648 postulatur,
610 2589 673 2650 quo
697 2568 848 2632 restituto
872 2567 936 2631 iam
962 2565 1067 2631 hiatui
1091 2565 1177 2630 locus
1202 2585 1267 2629 non
1292 2567 1355 2629 est:

232 2681 234 2686 ’
392 2675 565 2756 Sperarel
588 2697 643 2739 uec
667 2678 801 2758 linquam
825 2697 889 2739 esse
913 2696 969 2739 reec
992 2677 1173 2738 auriculum.

231 2781 292 2848 Sed
326 2782 423 2846 etiam
457 2781 570 2846 ceteris
594 2782 696 2847 tribus
724 2781 810 2858 locis,
842 2804 1036 2866 quamquam
1065 2780 1151 2846 omni
1180 2781 1351 2846 offensione

230 2892 350 2970 carent,
374 2887 510 2954 editores
534 2893 662 2974 praeter
686 2887 841 2973 Heysium
864 2891 897 2953 et
921 2888 1067 2956 Ellisium
1092 2909 1200 2954 omnes
1226 2888 1352 2954 hiatum

231 3001 451 3065 removerunt:

392 3108 542 3189 luppiter,
567 3116 600 3171 ul
626 3107 800 3192 Cbulpbou
824 3127 910 3170 omae
933 3125 1028 3187 percus
1051 3115 1170 3187 pereat.

391 3215 417 3276 A
441 3236 501 3297 quo
523 3224 594 3279 saut
616 3219 716 3296 primo
739 3217 786 3278 mi
810 3217 911 3279 ommia
934 3221 1011 3277 malo
1035 3215 1124 3277 boae.

393 3321 552 3384 Utrumne
575 3342 609 3385 os
633 3342 674 3384 au
698 3323 796 3383 culum
820 3324 986 3403 olfacerem
1011 3322 1146 3384 Aemilio.

229 3424 365 3491 Videtur
389 3425 462 3490 illos
487 3427 631 3504 movisse,
657 3427 740 3509 quod
757 3427 837 3492 hacc
860 3450 941 3511 quae
959 3427 1042 3512 apud
1060 3425 1225 3492 Catullum
1241 3431 1355 3494 extant

229 3531 375 3616 exempla
399 3534 493 3600 unica
517 3538 592 3598 sunt
621 3535 730 3598 hiatus
759 3535 791 3598 in
817 3557 981 3600 caesuram
1005 3533 1200 3618 pentametri
1224 3531 1353 3598 admissi

229 3663 328 3726 eaque
364 3640 471 3707 omnia
506 3641 593 3707 facili
625 3662 723 3725 opera
757 3642 912 3706 removeri
942 3645 1085 3725 possunt.
1129 3637 1190 3704 Sed
1222 3661 1294 3705 cum
1317 3640 1355 3706 de

229 3749 323 3816 hiatu
345 3753 418 3833 post
441 3749 599 3833 syllabam
623 3749 721 3835 longa
745 3748 847 3812 vocali
872 3751 928 3812 aut
947 3768 1085 3812 consona
1101 3771 1130 3812 m
1147 3749 1353 3814 terminatam

228 3859 261 3922 in
285 3856 371 3924 arsin
395 3856 572 3922 hexametri
597 3855 734 3925 admisso
757 3876 821 3919 non
845 3855 1010 3919 dubitetur
1038 3892 1080 3902 -
1108 3856 1208 3921 eidem
1233 3857 1355 3922 scilicet

228 3965 375 4045 editores,
400 3963 500 4030 veluti
521 3963 683 4052 Hauptius
707 3968 739 4029 et
755 3962 790 4028 L.
808 3961 954 4042 Mueller,
979 3984 1072 4047 quem
1090 3985 1128 4028 ex
1145 3962 1352 4047 pentametris

229 4071 421 4138 Catullianis
446 4074 648 4156 expulerunt,
672 4074 704 4138 in
721 4072 924 4138 hexametros
947 4071 1032 4155 apud
1050 4070 1212 4136 Catullum
1230 4066 1353 4148 (66,11.

232 4177 354 4267 107,1),
379 4179 543 4245 Tibullum
568 4180 599 4265 (Ι
622 4178 724 4266 5,33),
750 4179 953 4265 Propertium
979 4177 1145 4265 (11115,1.
1171 4176 1220 4242 III
1245 4176 1353 4256 32,45.

230 4287 276 4352 lV
300 4288 389 4373 l,49)
414 4288 667 4354 admiserunt-
687 4311 752 4354 non
778 4293 826 4353 est
850 4309 935 4364 sane,
960 4309 1016 4352 cur
1040 4308 1111 4351 enm
1134 4286 1169 4352 in
1190 4306 1353 4350 caesuram
