3240 4938
761 247 805 314 24

226 431 391 498 Catullum
415 430 523 510 fuisse,
552 433 590 494 ut
613 430 733 494 crimen
757 427 905 494 fallaciae
927 430 961 490 et
983 425 1134 510 perfidiae
1158 423 1256 490 etiam
1278 424 1346 491 ioco

224 541 386 627 prolatum
409 539 625 604 rusticitatem
650 539 818 616 redoleret,
842 558 882 600 ex
897 535 966 620 ipso
982 534 1042 600 hoc
1057 526 1196 599 carmiire
1212 555 1346 620 cognos-

223 650 317 714 citur.
356 646 468 732 Neque
492 646 609 713 Calvus
632 648 799 732 poetarum
823 645 1031 731 pessimorum
1051 643 1193 708 earmina
1217 644 1286 706 tam
1309 665 1345 708 eo

223 754 355 821 oonsilio
382 753 511 819 Catullo
539 753 642 832 misit,
671 756 709 817 ut
737 774 810 817 eum
839 753 979 831 luderet,
1008 774 1104 836 quam
1133 753 1171 815 ut
1193 749 1294 814 risum
1317 752 1347 815 ei

228 865 369 927 moveret
392 865 523 947 accepto
547 861 657 926 libello
680 882 759 946 opus
782 860 889 927 nescio
912 859 996 943 quod
1012 880 1165 946 magnum
1181 863 1215 924 et
1230 880 1346 924 novum

224 970 423 1056 expectanti,
462 973 574 1054 aperto
615 969 727 1034 deinde
766 967 944 1034 invenienti
981 970 1166 1054 contempta
1204 966 1347 1032 carmina

223 1081 392 1164 poetarum
424 1078 569 1157 illorum,
604 1099 739 1162 quorum
768 1076 1025 1142 imbecillitatem
1058 1077 1123 1144 iam
1153 1097 1247 1161 saepe
1275 1096 1347 1140 cum

226 1184 324 1250 Calvo
347 1184 472 1251 riserat.
519 1183 591 1250 Non
619 1187 688 1271 ipse
711 1186 813 1271 igitur
837 1184 999 1263 Catullus,
1030 1185 1084 1249 sed
1105 1185 1212 1269 potius
1234 1186 1348 1270 poetae

225 1293 302 1358 mali
324 1294 393 1357 ioco
410 1290 499 1357 Calvi
524 1295 714 1378 tanguntur.
751 1292 872 1359 Contra
892 1297 1006 1358 salsum
1023 1291 1169 1359 Catullus
1185 1291 1349 1378 aptissime

226 1400 359 1467 Calvum
383 1401 548 1486 appellare
572 1404 718 1486 poterat;
742 1402 843 1467 salsus
868 1401 951 1466 enim
975 1405 1024 1466 est
1047 1401 1084 1479 is,
1108 1400 1164 1486 qui
1186 1399 1293 1486 lepide
1316 1404 1350 1466 et

224 1511 327 1576 facete
357 1507 456 1574 iocari
484 1507 560 1587 scit;
591 1529 694 1593 neque
723 1510 826 1575 solum
849 1511 887 1575 de
911 1491 1013 1576 facete
1037 1510 1129 1576 dictis
1152 1509 1184 1575 id
1207 1508 1349 1595 ponitur,

225 1618 280 1683 sed
305 1617 403 1683 etiam
426 1616 465 1681 de
486 1616 581 1682 rebus
596 1617 701 1702 lepido
718 1619 785 1684 ioco
801 1618 906 1696 factis,
930 1619 970 1687 cf.
986 1618 1114 1684 initium
1130 1617 1279 1684 carminis
1296 1619 1349 1686 12.

314 1725 460 1809 Denique
488 1725 522 1790 in
551 1724 616 1789 fine
646 1725 740 1790 buius
764 1726 867 1812 partis
891 1747 1049 1792 summam
1071 1725 1181 1810 paucis
1205 1748 1349 1811 compre·

224 1832 409 1900 hendamus.
457 1826 600 1898 Primum
631 1835 716 1901 locos
746 1835 863 1922 viginti
892 1838 958 1898 tres
988 1833 1193 1913 contulimus,
1217 1833 1349 1918 quibus,

224 1942 342 2008 cumD
367 1940 441 2007 etL
461 1941 548 2008 vitiis
570 1941 683 2008 infecti
707 1941 782 2022 sint,
806 1941 834 2008 G
859 1945 916 2009 aut
940 1962 1050 2006 verum
1073 1940 1178 2027 ipsum
1200 1941 1351 2008 exhibeat

224 2054 283 2118 aut
309 2053 387 2118 satis
418 2072 518 2137 prope
546 2075 566 2116 a
597 2072 671 2116 vero
701 2050 796 2117 absit.
848 2050 899 2116 Ad
928 2050 985 2116 bos
1007 2054 1174 2136 praeterea
1197 2050 1351 2117 accedunt

224 2160 404 2226 duodecim:
428 2162 509 2238 octo,
534 2179 613 2241 quos
636 2181 668 2242 p.
694 2158 825 2224 17-19
849 2162 882 2224 et
906 2161 1071 2242 quattuor,
1094 2180 1173 2242 quos
1195 2182 1227 2244 p.
1244 2159 1288 2225 23
1304 2182 1349 2244 sq.

225 2269 287 2333 huo
309 2268 474 2353 pertinere
489 2264 719 2349 perspeximus.
754 2265 875 2343 Quibus
897 2265 974 2332 locis
994 2288 1189 2351 quamquam
1205 2269 1351 2334 omnibus

226 2398 338 2441 verum
354 2376 417 2442 iarn
436 2376 611 2456 antequam
631 2373 730 2438 codex
745 2371 773 2438 G
797 2375 831 2444 in
847 2374 951 2440 lucem
966 2373 1110 2460 prodiret
1126 2399 1144 2440 a
1160 2375 1238 2442 viris
1253 2376 1352 2442 doctis

225 2484 391 2548 inventum
418 2484 489 2547 erat
505 2484 539 2546 et
555 2481 650 2567 longe
665 2480 813 2567 plurimis
829 2482 863 2548 in
878 2481 1078 2549 Lachmanni
1094 2485 1186 2548 textu
1203 2483 1351 2564 babetur,

224 2595 334 2657 tamen
368 2589 483 2657 codicis
512 2589 540 2655 G
573 2589 729 2656 auxilium
765 2591 978 2676 spernendum
1005 2613 1070 2657 non
1098 2594 1162 2670 est,
1192 2614 1264 2658 cum
1291 2592 1352 2659 ali·

223 2701 348 2784 quoties
371 2699 587 2777 coniecturae,
618 2719 699 2782 quae
728 2698 871 2782 alioquin
895 2699 973 2764 satis
996 2698 1112 2765 dubiae
1137 2698 1237 2765 videri
1260 2702 1352 2784 pote-

224 2809 314 2885 rant,
344 2826 429 2870 nuuc
452 2805 527 2870 libri
550 2805 662 2891 scripti
690 2804 885 2871 auctoritate
908 2807 1066 2871 nitantur.
1112 2805 1162 2871 Ex
1185 2807 1353 2893 scripturis

224 2913 404 2999 duplicibus
432 2913 465 2977 id
493 2913 649 2979 commodi
672 2911 895 2993 nanciscimur,
924 2916 961 2977 ut
985 2912 1158 2999 imaginem
1182 2915 1297 2981 codicis
1321 2913 1350 2979 V

227 3022 334 3088 animo
358 3022 531 3090 informare
555 3022 727 3109 possimus3
757 3019 797 3087 ad
820 3021 1052 3088 emendandum
1077 3026 1202 3088 textum
1226 3024 1354 3109 paucis·

224 3130 312 3196 simis
343 3132 420 3196 locis
449 3131 571 3216 aliquid
594 3130 639 3196 eis
661 3129 855 3216 proficimus,
879 3134 1043 3214 quattuor,
1067 3131 1183 3215 quibus
1206 3132 1353 3196 omnibus

224 3241 289 3306 iam
328 3242 425 3305 antea
464 3260 574 3303 verum
612 3241 777 3322 repertum
816 3241 896 3304 erat.
954 3239 1023 3306 Iam
1058 3262 1252 3325 quamquam
1287 3263 1353 3306 non

224 3347 343 3413 iniuria
366 3368 423 3412 nec
447 3347 515 3412 sine
539 3346 646 3411 fructu
672 3344 856 3410 codicemG
879 3346 914 3410 iu
937 3348 1076 3413 medium
1099 3349 1263 3433 prolatum
1286 3371 1354 3417 esse

225 3458 379 3541 apparet,
415 3458 525 3520 tumen
555 3451 730 3518 cavendum
761 3456 823 3532 est,
859 3476 900 3518 ne
929 3455 1063 3519 nimium
1092 3458 1296 3523 auctoritatis
1323 3459 1354 3523 ei

224 3564 407 3642 tribuatur;
439 3562 575 3627 vidimus
610 3559 695 3625 enim
730 3581 769 3625 ex
804 3560 1052 3627 correctionibus
1090 3563 1158 3628 eius
1195 3564 1279 3629 nihil
1313 3565 1354 3630 ad

226 3670 458 3736 restituendam
481 3676 595 3756 poetae
619 3691 750 3734 manum
773 3668 961 3750 redundare,
986 3670 1083 3736 immo
1098 3672 1215 3737 bonam
1229 3673 1353 3756 primae

224 3800 337 3844 manus
361 3780 553 3864 scripturam
576 3778 738 3844 interdum
761 3778 986 3845 oblitteratam
1010 3799 1093 3858 esse;
1119 3778 1255 3844 vidimus
1278 3801 1351 3845 eum

223 3886 382 3953 scribendi
409 3888 570 3953 erroribus
598 3887 752 3953 infectum
788 3908 870 3967 erse,
906 3887 1021 3972 quibus
1051 3886 1248 3953 Lachmanni
1277 3888 1353 3953 libri

210 3999 355 4075 ‚carent;
386 3995 522 4062 vidimus
545 3995 695 4080 denique,
724 3996 756 4063 id
779 3997 863 4082 quod
887 3998 1108 4083 gravissimum
1144 4000 1206 4076 est,
1246 4017 1354 4062 errare

224 4123 297 4181 eos,
333 4103 388 4187 qui
423 4105 544 4169 ceteros
580 4104 679 4168 libros
714 4127 821 4170 omnes
857 4127 896 4170 ex
924 4127 961 4171 eo
995 4105 1124 4172 fluxisse
1152 4125 1267 4189 eosque
1290 4104 1353 4169 iam

224 4211 318 4276 nobis
344 4210 524 4278 abiciendus
547 4230 615 4275 esse
638 4217 778 4278 censent.
