3240 4938
452 757 759 860 Sententiae
797 763 1181 862 controversae.

145 1171 149 1178 .
193 1173 197 1180 .
268 1116 296 1184 1,
332 1113 451 1180 Tibull.
475 1111 523 1178 IV
550 1116 565 1178 1
598 1113 735 1197 probate
768 1111 990 1177 emendatione
1018 1133 1081 1194 que
1104 1109 1327 1200 Lachmannus
1351 1109 1384 1173 in

333 1244 360 1286 v.
389 1224 406 1286 1
437 1221 564 1304 scripsit
593 1243 640 1284 me
669 1231 697 1285 et
721 1218 823 1302 (codd.
847 1217 929 1302 mea)
959 1240 1067 1284 versus
1091 1219 1110 1282 5
1135 1220 1168 1282 ct
1189 1217 1212 1291 Ι6
1237 1207 1387 1301 transpo-

335 1329 430 1394 nendi
455 1331 530 1392 sunt
553 1331 627 1412 post
651 1349 774 1394 versum
799 1326 835 1392 2:

372 1441 383 1500 l
426 1439 475 1514 Te,
501 1439 653 1515 Messalla,
678 1459 799 1501 carram.
824 1455 1009 1518 quamquem
1024 1456 1076 1498 me
1098 1444 1132 1498 et
1149 1438 1271 1516 coercito
1287 1437 1384 1498 virtus

289 1632 293 1639 ι
370 1546 390 1610 2
428 1546 541 1626 Terret,
566 1555 598 1609 et
620 1549 761 1627 infirmae
784 1548 907 1610 caleant
931 1544 1095 1607 subsistere
1117 1546 1209 1619 eires,

368 1653 388 1718 5
424 1656 488 1718 Nee
511 1664 565 1717 tue
586 1663 714 1737 praeter
737 1662 765 1716 te
789 1654 904 1716 chartis
927 1655 1063 1714 tetccere
1090 1653 1251 1732 quisquam

367 1762 386 1826 6
423 1765 521 1826 Facta
545 1772 647 1845 queat,
672 1763 760 1824 dictis
783 1767 816 1822 ut
838 1779 899 1822 non
924 1760 1044 1822 maiora
1067 1761 1241 1840 supersint:

366 1869 385 1933 3
422 1872 573 1951 temptem
597 1878 707 1934 temere.
732 1890 753 1932 e
771 1871 890 1932 meritis
912 1871 939 1932 st
963 1869 1102 1960 carmine
1126 1868 1243 1946 leudes,

368 1978 391 2042 4
426 1979 591 2058 Deficiente
614 1980 735 2042 demitis
757 1979 851 2041 tentis
872 1979 929 2040 sim
954 1977 1093 2040 eonditor
1116 1978 1203 2053 actis,

369 2087 387 2151 7
425 2088 480 2151 Est
503 2087 589 2150 eebr's
612 2088 742 2152 coivisse
765 2088 853 2162 sotir,
876 2106 933 2149 nee
955 2105 1083 2148 munero
1103 2106 1210 2167 perce

370 2190 389 2254 8
425 2195 601 2275 Respuerr's.

268 2300 298 2366 2.
335 2297 441 2366 Plout.
468 2298 546 2366 [tud.
570 2299 620 2365 III
647 2303 661 2365 i
689 2323 751 2366 non
775 2306 834 2379 est,
863 2299 947 2385 quod
972 2320 1096 2366 versum
1120 2297 1292 2365 secundum
1315 2321 1387 2364 cum

201 2469 205 2478 ,
334 2405 512 2473 Ritschclio
536 2408 707 2479 deleamus

268 2514 298 2576 3.
334 2513 441 2578 Pleut.
459 2513 622 2597 Amphitr.
647 2517 727 2599 prol.
746 2516 788 2580 32
805 2515 1006 2581 scribendum
1029 2519 1078 2581 cst
1102 2518 1267 2580 adveniens
1284 2513 1390 2602 (codd.

340 2623 470 2684 advenio
493 2621 550 2705 et):

430 2731 600 2810 Propterea
623 2748 733 2810 ponem
756 2732 970 2795 adnectens
993 2735 1036 2795 ad
1059 2753 1113 2797 vos
1136 2730 1245 2813 effero.

269 2836 300 2900 4.
336 2833 472 2918 Antiph.
507 2835 617 2900 tetral.
652 2833 701 2898 III
737 2861 773 2914 α,
808 2837 829 2900 2
865 2840 982 2903 reiecta
1017 2838 1132 2904 codicis
1164 2837 1194 2902 N
1228 2838 1388 2920 scriptura

332 2934 532 3022 ἀξιωθέντος
572 2944 647 3010 talis
694 2943 835 3011 defectus
881 2946 1068 3012 statuendus
1103 2950 1165 3010 est:
1202 2934 1300 3022 δ’ςεις
1332 2937 1391 3010 οὖν

337 3044 463 3112 τούτων
504 3042 569 3114 ὑπὸ
611 3058 670 3114 τοῦ
705 3059 788 3118 θεοῦ
831 3044 1049 3137 [ἀξιωθέντας
1084 3048 1170 3136 ὁρῶν
1205 3042 1296 3139 ἡμᾶς
1333 3053 1388 3116 καὶ

340 3147 442 3232 αὐτὸς
465 3149 528 3220 ὑπὸ
554 3165 613 3222 τοῦ
639 3151 758 3242 αὐτοῦ]
784 3150 942 3236 ἀξιωθεὶς
968 3169 1026 3225 τοῦ
1052 3159 1123 3246 βίον
1142 3150 1236 3250 ἡμῶν
1253 3151 1388 3244 ἀνόμως

339 3258 407 3327 τινὰ
433 3255 624 3344 ἀποκτείνει,
650 3259 764 3349 ἀσεβεῖ
788 3267 845 3351 μὲν
869 3269 939 3351 περὶ
964 3259 1041 3342 τοὺς
1066 3259 1168 3342 θεούς
1193 3273 1254 3335 etc.

269 3369 300 3437 5.
339 3370 474 3456 Antiph.
499 3373 607 3438 tetral.
633 3372 649 3436 I
674 3374 703 3456 β,
729 3376 748 3435 2
771 3373 973 3439 scribendum
996 3377 1060 3438 cst:
1089 3364 1161 3437 ἀλλ’
1188 3368 1242 3439 ἐὰν
1266 3364 1311 3458 μὴ
1336 3375 1391 3437 καὶ

336 3478 438 3563 (codd.
464 3470 551 3542 ἀλλὰ
575 3474 634 3542 κᾶν
659 3470 719 3568 μῆ)
744 3472 798 3544 τὸν
822 3472 1053 3546 ἀποκτείναντα
1079 3473 1182 3563 εὑρών
1206 3478 1368 3566 ἐξελέγξω.
1445 3513 1447 3516 ·

270 3586 300 3652 6.
336 3585 498 3653 Minorem
539 3591 703 3654 oratorum
747 3586 941 3654 Graecorum
980 3588 1077 3654 editio
1116 3587 1234 3654 Aldine
1272 3588 1392 3654 nullius

335 3694 433 3778 pretii
457 3694 605 3760 habende
629 3699 693 3770 est3
718 3716 799 3779 quac
815 3699 922 3760 cutem
947 3695 1031 3761 bone
1047 3695 1165 3762 habere
1181 3696 1308 3762 videtur
1325 3700 1392 3761 ets

336 3800 494 3867 codicibus
518 3803 635 3867 nostris
658 3801 847 3882 recedentia,
873 3802 914 3866 ab
938 3801 1007 3885 ipsc
1031 3803 1114 3869 Aldo
1138 3804 1187 3868 vcl
1212 3824 1318 3868 errore
1342 3804 1392 3867 vcl

337 3908 521 3974 coniectura
543 3909 688 3992 profecto
710 3911 794 3972 sunt.

725 4156 936 4167 ιιι-...ι-
