3240 4938
761 207 781 274 6

368 391 541 466 Prodest,
565 391 655 451 immo
680 391 770 450 etium
794 389 894 450 toedet
919 389 1061 469 obestque
1085 390 1184 468 mauis

207 495 274 575 vel:

972 605 1047 665 nisu
1068 605 1178 684 secuse
1204 604 1331 685 deotpoc

253 737 256 746 ·
369 713 531 788 iuuerit,
555 715 645 774 immo
669 713 759 772 etium
783 718 802 770 t.
827 730 854 773 0.
879 731 917 773 m.
1194 777 1202 784 ,

207 817 267 884 Sed
293 819 359 882 tale
382 819 512 882 verbum
539 817 667 881 finitum
692 839 731 880 ex
755 838 812 878 usu
836 815 989 881 sermonis
1006 815 1114 880 Latini
1138 839 1202 881 uon
1225 817 1332 901 requi·

207 927 300 991 ritur.
341 923 424 989 Nam
449 926 476 988 si
498 926 628 989 verbum
651 924 887 988 substantivum
903 925 1010 990 animo
1026 925 1183 989 audiveris
1199 929 1274 989 uitat
1288 935 1332 990 est

208 1038 318 1118 fecisse
342 1036 478 1115 dentque,
503 1033 634 1116 plenum
652 1033 856 1096 enuntiatum
873 1032 998 1100 evadet.
1036 1031 1084 1096 De
1103 1054 1195 1097 sensu
1212 1039 1331 1110 autem,

207 1143 262 1226 qui
286 1141 370 1205 inest
392 1141 426 1204 in
451 1139 511 1203 hoc
534 1143 609 1204 nibil
631 1151 685 1218 est,
710 1143 785 1224 apte
809 1140 981 1204 contuleris
999 1139 1107 1205 Plauti
1124 1163 1260 1220 versum,
1277 1142 1332 1226 qui

207 1248 310 1315 estin
337 1247 429 1332 Capt.
455 1248 520 1313 344
545 1246 719 1334 (112‚94):

369 1359 408 1419 At
432 1359 507 1420 arou
530 1367 572 1420 est
596 1360 730 1438 ipnotum
756 1358 798 1418 od
815 1358 897 1418 illum
913 1359 1045 1418 mittere:
1070 1377 1195 1437 operam
1214 1361 1331 1438 lusoria
1444 1354 1448 1362 ⁴

208 1466 297 1530 cuius
320 1485 429 1529 versus
452 1465 719 1548 verbaextrema
743 1463 823 1527 illud
848 1465 923 1526 reiicit
944 1473 987 1526 est
1003 1462 1141 1546 perbene
1157 1466 1331 1548 explicant.

208 1571 323 1657 Itaque
358 1595 430 1636 cnm
465 1574 595 1637 verbum
632 1571 696 1635 illis
735 1571 809 1635 addi
843 1570 1053 1635 necessarium
1089 1593 1151 1635 non
1187 1573 1333 1639 rideatur

208 1702 342 1764 cumque
377 1702 441 1745 non
478 1684 528 1745 sat
563 1679 772 1764 probabiliter
806 1678 868 1742 dici
897 1677 1012 1762 possit,
1049 1701 1111 1764 quo
1139 1702 1244 1745 errore
1274 1686 1332 1747 aut

207 1793 336 1872 prodest
360 1793 417 1854 aut
440 1793 549 1853 iuuerit
573 1786 734 1864 exciderit,
758 1787 854 1850 missa
879 1785 1030 1850 faciemus
1055 1788 1133 1852 haec
1153 1789 1331 1854 conamina.

209 1894 396 1960 Ceterarum
432 1902 540 1962 autem
577 1895 836 1959 emendationum
872 1915 889 1957 e
922 1915 1056 1959 numero
1090 1895 1239 1977 Arruntii,
1278 1899 1333 1982 qui

209 2003 341 2067 verbum
365 2009 466 2069 toedet
489 2007 538 2070 bis
562 2003 684 2089 posuit:

368 2117 465 2178 louno
489 2118 578 2176 etium
604 2115 715 2189 toedet,
740 2115 868 2176 toedet
891 2112 1033 2193 obestque
1057 2117 1155 2195 mopis

208 2220 328 2305 duplici
353 2221 477 2285 ratione
501 2219 677 2303 probabilis
701 2223 763 2296 est,
794 2218 876 2302 quod
902 2219 992 2304 origo
1014 2219 1100 2283 illius
1124 2220 1264 2285 defectus
1288 2223 1332 2287 sic

209 2330 241 2393 in
265 2328 438 2414 propatulo
469 2331 517 2392 est
546 2330 580 2390 ct
608 2331 710 2391 toedet
738 2348 801 2390 non
826 2327 893 2391 sinc
917 2327 1094 2391 sententiae
1118 2328 1332 2392 emolumento

209 2437 258 2503 bis
280 2437 423 2523 ponitur.

301 2545 395 2623 76‚11
423 2544 502 2610 baec
524 2540 751 2609 Lachmannus
776 2542 889 2608 edidit:

371 2655 467 2732 Quin
495 2663 532 2717 tu
563 2655 685 2716 animo
715 2654 897 2735 offirmas
931 2655 1066 2736 troque
1098 2655 1188 2717 istinc
1223 2661 1334 2734 teque

1012 2762 1144 2839 reducis,

424 2870 466 2932 Et
491 2870 555 2932 dete
577 2870 680 2932 inuitis
704 2870 816 2932 desinis
839 2889 903 2951 csse
926 2871 1064 2932 miserl'

299 2973 387 3041 Duas
420 2975 535 3059 prioris
570 2997 680 3040 versus
714 2982 823 3062 partes
862 2975 1088 3041 Lachmannus
1127 2998 1193 3041 esse
1232 2977 1334 3043 voluit

210 3084 329 3170 duplici
352 3084 511 3169 particula
535 3108 593 3169 que
609 3086 809 3152 coniunctas:
835 3090 906 3169 puto
923 3096 954 3149 tu
971 3095 998 3150 et
1015 3089 1116 3149 (salmo
1132 3089 1178 3149 tta
1195 3085 1335 3168 offirmas

210 3203 239 3258 et
268 3203 296 3257 te
322 3197 412 3258 istinc
440 3196 584 3258 reducis?
627 3191 689 3258 Sed
717 3216 911 3280 quamquam
940 3193 1132 3277 particulam
1164 3216 1220 3278 que
1251 3195 1334 3277 apud

210 3306 321 3385 poetas
350 3321 443 3383 saepe
473 3322 536 3364 non
565 3302 688 3383 primae
717 3301 876 3366 enuntiati
906 3302 1036 3368 voculae
1067 3301 1193 3366 adnecti
1222 3305 1334 3367 notum

210 3414 269 3487 est,
297 3411 406 3472 tamen
435 3407 494 3473 hoc
522 3408 591 3473 loco
621 3412 801 3492 postremae
829 3410 898 3474 voci
928 3410 1025 3475 affixa
1054 3409 1166 3474 dubito
1190 3433 1231 3475 an
1256 3409 1334 3472 ferri

209 3517 318 3601 possit.
366 3513 439 3580 Nou
468 3515 664 3593 dubitarem,
695 3515 721 3578 si
749 3517 880 3580 verbum
912 3517 1052 3598 offirmas
1080 3523 1277 3601 postremum
1301 3517 1333 3580 in

210 3622 379 3688 enuntiato
407 3624 511 3688 locum
542 3628 667 3688 teneret
695 3624 785 3708 eique
814 3624 973 3708 particula
1002 3646 1059 3707 qne
1088 3625 1213 3689 adnexa
1236 3628 1334 3702 esset;

209 3731 241 3794 in
271 3732 367 3796 verbo
396 3731 479 3796 enim
509 3732 608 3796 totius
638 3732 799 3797 enuntiati
828 3731 918 3815 quasi
948 3731 995 3796 vis
1024 3733 1208 3798 continetur
1244 3733 1334 3816 eique

208 3860 397 3923 quocunque
428 3839 496 3903 loco
524 3840 656 3924 ponitur
685 3845 759 3923 apte
789 3841 948 3924 particula
977 3864 1034 3925 que
1069 3841 1161 3924 affigi
1197 3840 1332 3920 videtur,

209 3968 270 4012 non
302 3949 350 4014 ita
378 3946 509 4013 voculae
538 3950 611 4032 post
640 3949 771 4013 verbum
801 3950 984 4016 collocatae.
1039 3947 1099 4015 Sed
1135 3949 1222 4015 aliud
1258 3949 1334 4033 quid

210 4056 293 4122 inest
322 4056 354 4121 in
385 4053 567 4135 contemtui
591 4079 654 4141 quo
681 4058 753 4142 quis
782 4081 838 4124 suo
867 4058 934 4123 iure
964 4057 1079 4123 offendi
1109 4060 1218 4142 possit.
1266 4057 1334 4132 Quo

208 4163 291 4229 enim
316 4165 472 4248 respicere
496 4164 637 4229 dicamus
661 4165 741 4230 illud
765 4167 830 4230 ltu?
858 4164 939 4242 Quid
956 4164 1102 4230 Catullus
1126 4187 1158 4230 sc
1182 4166 1334 4230 hortatur
