3240 4938
242 492 366 574 ponunt
390 487 475 552 enim
499 486 608 551 eodem
631 486 699 551 loco
725 487 805 551 illud
830 508 874 565 os,
904 506 941 548 ex
965 505 1028 567 quo
1050 504 1226 567 pronomen
1250 487 1298 549 tic
1323 484 1369 548 ci·

243 597 331 662 ciunt
355 633 395 644 -
427 598 460 660 et
489 598 600 680 postea
631 594 712 660 illud
742 617 792 674 os,
821 593 905 678 quod
933 592 966 655 in
991 589 1020 653 D
1051 587 1180 658 alticc.
1204 593 1304 669 extat,
1329 592 1369 658 ab

242 697 474 789 interpolatore
502 702 648 768 additum
671 725 759 781 esse3
799 706 856 768 aut
879 701 954 786 quia
978 700 1010 764 in
1034 720 1110 765 voce
1133 721 1168 764 os
1191 698 1300 782 aliqua
1324 698 1370 764 ris

242 811 348 895 posita
373 814 438 890 est,
467 813 507 876 ob
537 832 608 875 eam
631 833 760 877 censam
782 808 888 894 primo
912 806 1073 874 enuntiati
1097 807 1165 872 loco
1190 805 1371 889 ponendam

243 940 309 984 esse
344 922 545 986 censuerunt.
592 915 654 982 Sed
688 917 769 984 illud
800 917 883 1002 quod
914 915 1003 1001 prius
1026 914 1133 1000 posui,
1162 917 1212 978 tic
1234 934 1273 978 cx
1296 934 1371 979 voce

245 1048 279 1090 os
313 1030 421 1091 ortum
444 1049 523 1104 esse,
558 1048 622 1090 uon
651 1047 804 1112 magnam
831 1026 931 1091 hahet
959 1022 1241 1108 probabilitatem
1269 1042 1371 1105 neque

246 1135 350 1200 altera
379 1156 474 1201 cerusa
504 1134 659 1200 eiusmodi
688 1137 753 1212 est,
787 1136 825 1198 ut
853 1133 992 1198 multum
1020 1130 1048 1195 ei
1071 1131 1223 1198 tribuam.
1271 1127 1371 1194 Immo
1482 1121 1504 1144 ⁴

246 1245 321 1326 apte
353 1243 528 1326 praemisso
559 1242 687 1308 nomine
716 1245 828 1320 dentis,
864 1240 949 1324 quod
977 1260 1041 1303 non
1069 1238 1277 1323 premendum
1312 1239 1371 1315 cst,

248 1350 327 1415 haec
351 1349 414 1414 duo
438 1371 472 1414 os
505 1352 538 1414 et
564 1352 800 1435 sesquipedalis,
829 1348 861 1412 in
886 1347 1000 1431 quibus
1024 1350 1094 1411 tota
1117 1345 1274 1431 oppositio
1298 1367 1373 1412 con-

246 1457 379 1538 tinetur,
404 1458 495 1524 iuxta
518 1458 595 1542 poni
619 1457 777 1524 videntur.
812 1453 857 1520 Et
879 1458 928 1520 est
951 1477 1014 1539 quo
1037 1459 1205 1539 praeterea
1229 1453 1281 1520 hic
1296 1454 1372 1520 ordo

246 1564 447 1632 defendatur.
483 1565 569 1633 Nam
592 1568 619 1634 si
642 1565 752 1632 eadem
775 1586 837 1635 vox
859 1565 892 1629 in
916 1562 1027 1629 eodem
1049 1584 1143 1628 versu
1158 1561 1207 1629 bis
1223 1562 1371 1643 habetur,

246 1673 443 1758 elegantiam
472 1672 635 1757 quandam
669 1675 783 1756 poetae
812 1674 996 1757 capessunt,
1029 1671 1198 1735 verborum
1227 1670 1373 1737 ordinem

247 1780 292 1845 sic
315 1781 531 1860 instituentes,
555 1781 593 1842 ut
610 1779 694 1844 vocis
709 1779 796 1845 illius
813 1779 958 1863 syllabae
974 1777 1117 1843 diversae
1132 1779 1248 1844 ictibus
1264 1801 1373 1845 versus

250 1886 376 1951 icantur
410 1887 451 1952 cf.
481 1885 574 1969 Prop.
608 1907 667 1952 em.
697 1884 921 1952 Lachmannus
950 1885 1036 1970 Lips.
1068 1885 1154 1950 1816
1178 1908 1209 1971 p.
1239 1886 1299 1950 111
1325 1908 1373 1971 sq.

249 1992 331 2056 Mihi
354 1993 455 2078 igitur
483 1995 510 2057 is
541 1994 617 2059 ordo
647 1994 819 2060 seruandus
842 1995 985 2074 videtur,
1015 2015 1111 2079 quem
1134 1993 1166 2059 in
1190 1994 1219 2059 D
1244 2018 1263 2060 a
1289 1995 1371 2062 lticc.

248 2100 412 2180 habemus,
442 2103 540 2167 dentis
569 2122 603 2167 os
632 2106 862 2186 sesquipedalis.
910 2101 979 2167 lam
1001 2100 1178 2187 quaeritur,
1208 2105 1317 2168 utrum
1340 2125 1375 2169 os
1497 2145 1499 2150 ,

248 2209 282 2274 in
319 2208 368 2272 his
403 2209 494 2275 libris
530 2209 726 2276 correctione
760 2214 869 2277 ortum
897 2211 940 2274 sit
968 2233 1011 2276 an
1040 2208 1206 2276 traditum.
1263 2210 1308 2276 Et
1337 2215 1375 2276 ut

248 2316 455 2382 concedamus
484 2339 547 2383 non
572 2319 681 2406 magni
704 2318 802 2385 fuisse
824 2317 945 2405 negotii
972 2317 1146 2384 divinando
1168 2319 1201 2385 id
1224 2321 1374 2404 reperire,

248 2429 358 2490 tamen
383 2427 550 2492 verborum
574 2427 651 2493 crdo
675 2426 805 2513 elegans
827 2433 860 2493 et
882 2427 981 2492 verba
1004 2427 1242 2493 constructione
1265 2449 1375 2514 gram·

249 2532 367 2596 matica
391 2533 560 2599 coniuncte
584 2534 768 2620 disiungens
791 2535 823 2600 id
847 2536 974 2601 videtur
997 2536 1138 2602 indicare
1162 2557 1267 2601 vocem
1284 2537 1373 2602 illam

251 2659 317 2702 uon
341 2661 360 2702 a
383 2643 562 2704 correctore
586 2640 729 2707 additam
752 2662 829 2708 esse.
863 2642 946 2720 Quid
969 2645 1007 2710 de
1030 2643 1136 2729 priore
1152 2664 1261 2708 versus
1281 2648 1375 2728 parte

252 2745 455 2812 indicandum
480 2746 532 2828 sit,
556 2752 665 2813 utrum
683 2753 825 2832 praestet
849 2751 950 2819 eicere
966 2774 1073 2826 vocem
1090 2762 1134 2818 est
1152 2775 1192 2818 an
1209 2755 1266 2833 hic,
1291 2753 1374 2818 nihil

251 2853 330 2919 facit
355 2853 487 2921 adrem
516 2860 669 2924 nostram.
716 2855 799 2922 Mihi
825 2861 935 2925 tamen
958 2861 1156 2946 probabilius
1180 2861 1307 2928 videtur
1330 2873 1375 2928 est

250 2959 359 3039 eicere,
384 2964 490 3026 toturn
514 2963 616 3050 igitur
639 2986 767 3030 versum
790 2966 835 3031 sic
858 2967 1011 3033 scribere:

410 3071 491 3134 Nam
515 3077 579 3136 sine
603 3074 742 3136 dentibus
764 3074 822 3136 hic.
863 3076 970 3140 Dentis
994 3097 1029 3140 oe
1050 3078 1282 3159 sesquipedalis.

252 3169 334 3237 Nam
359 3184 403 3239 est
419 3177 453 3238 et
475 3176 601 3242 facilius
624 3201 719 3262 quam
743 3182 794 3244 hic
816 3177 890 3244 addi
912 3183 1041 3264 poterat
1057 3187 1091 3249 et
1106 3183 1139 3248 in
1155 3184 1375 3268 praecedenti·

253 3280 312 3344 bus
336 3281 479 3349 versibus
503 3307 523 3349 a
545 3289 639 3369 poeta
663 3287 815 3352 omissum
837 3289 895 3351 cst.

341 3387 459 3464 Quodsi
487 3393 685 3476 probabilem
708 3395 742 3458 iu
772 3395 899 3461 modum
924 3396 962 3461 de
985 3395 1035 3461 his
1058 3397 1136 3464 locis
1159 3399 1374 3482 disseruimus,

251 3496 366 3580 quibus
394 3520 413 3562 a
437 3495 466 3561 G
489 3521 564 3564 vcra
587 3500 748 3587 scriptura
771 3503 876 3585 abest,
906 3503 939 3570 in
965 3504 994 3569 D
1018 3508 1112 3570 extat
1138 3529 1242 3593 neque
1265 3511 1373 3576 tamen

251 3604 424 3670 correctori
446 3604 555 3672 deberi
578 3609 715 3690 ridetur,
739 3610 819 3678 illud
842 3612 907 3677 iem
929 3612 1006 3679 hinc
1029 3614 1177 3681 effectum
1200 3620 1249 3682 est
1264 3615 1294 3680 D
1311 3639 1374 3683 non

163 3751 168 3756 -
253 3733 292 3775 ex
316 3711 343 3778 G
368 3712 422 3780 scd
445 3736 503 3780 sua
527 3715 578 3782 vie
602 3739 641 3782 ex
664 3715 695 3782 V
718 3718 896 3786 derivatum
922 3742 999 3787 esse.

340 3819 429 3885 Idem
458 3827 565 3888 autem
594 3826 690 3891 etiarn
721 3826 793 3892 aliis
820 3828 1009 3912 quibusdam
1038 3828 1116 3895 locis
1146 3830 1312 3916 colligitur
1335 3855 1374 3896 ex

251 3928 379 3994 collatis
402 3928 543 3993 codicum
569 3931 751 4016 scripturis:

342 4034 382 4102 In
407 4056 501 4100 versu
524 4038 607 4102 eninr
633 4039 747 4119 65‚14:

413 4146 545 4210 Daulias
569 4148 723 4231 cbsrrmpls'
744 4153 816 4232 suta
838 4173 960 4233 uomens
983 4155 1055 4238 ltyli

253 4271 315 4313 vox
339 4253 470 4316 Daulias
498 4255 585 4318 varic
615 4255 647 4320 in
675 4257 834 4322 codicibus
860 4264 1012 4344 corrupta
1035 4265 1094 4326 est.
1140 4259 1332 4346 Incipiamus
1355 4286 1374 4328 a
