3240 4938
685 825 873 928 Vita.

300 1180 456 1247 liudolfus
480 1182 634 1247 Albertus
658 1181 840 1248 Theodorus
865 1182 981 1266 Sydow
1010 1188 1103 1248 natus
1133 1206 1202 1248 sum
1227 1181 1334 1249 Sedini

211 1297 241 1361 d.
275 1296 308 1361 ΙΙ
341 1320 383 1364 m.
419 1297 567 1364 Octobris
603 1323 632 1366 a.
668 1302 699 1366 h.
728 1323 752 1365 s.
784 1296 875 1363 LVII
908 1303 1003 1383 patre
1037 1297 1193 1379 Rudolfo,
1231 1305 1335 1366 matre

212 1414 360 1498 Augusta
388 1436 404 1478 e
439 1419 536 1501 gente
567 1414 769 1501 Seegeriana
797 1437 876 1499 quos
907 1415 1010 1481 adhue
1042 1418 1231 1499 superstites
1269 1439 1334 1482 esse

210 1530 343 1616 gaudeo.
391 1529 466 1597 Fide
490 1531 661 1598 institutus
684 1554 754 1597 sum
782 1532 975 1616 evangeliea.
1026 1532 1085 1596 Per
1114 1534 1233 1616 primos
1257 1557 1334 1618 pue·

210 1647 304 1712 tiliae
335 1669 435 1714 annos
468 1650 596 1734 privata
619 1650 787 1734 disciplina
811 1647 980 1714 institutus
1015 1672 1100 1715 anno
1124 1649 1156 1715 h.
1181 1673 1205 1717 s.
1231 1649 1334 1716 LXIX

210 1767 244 1831 in
273 1773 423 1853 quartam
446 1768 580 1833 classem
607 1771 753 1851 receptus
777 1789 845 1830 sum
870 1767 1030 1852 gymnasii
1053 1766 1255 1850 municipalis
1278 1767 1334 1833 Se·

209 1883 363 1963 dioensis,
399 1884 483 1968 quod
518 1905 575 1968 per
615 1906 669 1950 sex
705 1905 805 1950 annos
844 1888 877 1947 et
915 1883 1080 1949 dimidium
1118 1882 1333 1969 frequentavi.

210 1999 474 2085 Praeceptoribus
497 2002 543 2066 ibi
572 2024 648 2066 usus
677 2023 747 2066 sum
770 2001 1057 2085 praestantissimis
1084 2005 1118 2066 et
1142 2002 1333 2069 benevolen-

209 2109 351 2196 tissimis
376 2118 431 2202 qui
454 2118 554 2183 etiarn
582 2124 655 2203 post
683 2121 852 2186 discessum
876 2140 983 2184 meum
1006 2141 1129 2205 semper
1154 2119 1334 2185 studiorum
1429 2119 1430 2123 ’

209 2257 351 2300 meorum
386 2234 527 2300 fautores
563 2257 595 2299 se
630 2237 858 2318 praebuerunt.
911 2235 1114 2302 Maturitatis
1149 2237 1333 2302 testimonio

207 2354 384 2417 instructus
412 2351 654 2416 universitatem
690 2352 857 2416 literarum
892 2351 1127 2420 Berolinensern
1158 2354 1226 2420 adii
1249 2354 1332 2442 eius-

207 2491 269 2554 que
298 2468 419 2534 oivibus
449 2467 628 2552 adscriptus
657 2489 714 2552 per
742 2471 840 2535 ooiies
874 2491 928 2535 sex
965 2493 1085 2536 menses
1115 2471 1239 2536 soholas
1268 2469 1331 2535 sre-

207 2587 361 2670 quentavi
391 2585 531 2650 virorum
566 2586 814 2652 clarissimorum
844 2584 948 2651 Curtii
973 2586 1151 2652 Dillmanni
1176 2585 1331 2671 Droysani

207 2701 336 2788 (loigeri
367 2702 510 2767 Harmsii
539 2701 703 2767 Huebnari
729 2702 923 2768 Kirehhoffii
953 2701 1142 2769 Mommseui
1172 2701 1331 2768 Muelleu-

206 2819 298 2883 hoffii
323 2818 469 2884 Paulseni
495 2820 532 2884 de
556 2817 749 2883 Treitsohlrii
774 2817 915 2886 Vahleni
937 2821 1181 2886 Waltenbaohii
1205 2818 1329 2884 Zelleri.

206 2934 374 3002 Seminarii
399 2935 556 3022 philologi
578 2958 636 3020 per
659 2941 773 3020 quater
797 2958 851 3002 sex
877 2959 997 3002 meuses
1020 2937 1135 3004 sodalis
1151 2937 1330 3004 ordinarius

206 3052 400 3119 Kirohhot'fii
423 3058 456 3118 et
480 3052 620 3119 Vahleni
648 3052 793 3118 doctrina
822 3054 944 3120 fruetus
974 3077 1053 3120 sum.
1101 3055 1151 3119 Ad
1174 3053 1330 3119 exercita-

205 3171 306 3236 tiones
329 3170 370 3235 ab
397 3169 475 3253 ipsis
501 3171 682 3235 moderatas
711 3169 900 3236 Huebnerus
924 3169 1143 3237 Kirohhoifius
1173 3169 1330 3235 Muelleu-

204 3285 322 3352 hoffius
343 3285 509 3352 Vahlenus
545 3286 668 3352 aditum
704 3286 784 3351 miti
819 3289 957 3373 benigne
992 3291 1223 3353 concesseruut.
1272 3284 1330 3349 His

204 3401 282 3466 viris
305 3403 451 3466 omnibus
482 3406 518 3466 ui
541 3403 671 3487 egregia
699 3407 774 3467 sunt
797 3425 906 3468 eorum
931 3404 969 3470 de
993 3425 1044 3468 me
1067 3402 1183 3468 merita
1206 3403 1328 3488 gratias

206 3537 267 3602 ago
291 3517 538 3584 candidissimas.
