3240 4938
803 311 845 376 58

269 489 356 552 tibris
391 492 519 553 omissas
555 492 628 572 puin
655 510 677 554 a
707 491 825 554 Catullo
853 493 1010 573 profectas
1037 494 1076 556 sit
1105 502 1134 555 et
1161 502 1288 574 propter
1316 496 1386 556 ittnd

267 598 406 676 sertorum
430 606 575 661 ereootnm
599 598 728 662 audiero
751 619 841 662 sensa
864 599 1014 662 subtiliori
1036 602 1167 682 positam
1189 621 1279 683 qnam
1303 623 1386 683 qnem

266 707 469 787 interpolator
505 708 630 788 qnidam
654 709 851 789 repperisset,
887 715 916 770 et
944 716 1073 790 propter
1107 710 1249 771 laeenam
1284 729 1386 772 uersas

266 815 355 878 tuias
378 817 410 878 in
433 815 558 878 Dotono
581 823 610 877 et
627 816 770 879 Parisino
793 816 898 897 priore
921 824 1077 880 extantem
1099 818 1130 880 in
1155 818 1283 898 atiisqae
1305 818 1388 881 tibris

149 983 154 994 ,
267 923 357 985 corio
380 923 470 987 modo
495 923 649 1003 expletam
672 923 809 986 dubitari
832 944 893 986 non
915 932 1025 1006 potest.
1060 921 1169 1006 Atque
1192 923 1271 988 haec
1287 923 1388 990 altera

267 1028 360 1106 ratio,
385 1031 423 1093 ut
445 1028 535 1113 prius
558 1030 596 1094 de
619 1029 681 1094 hac
708 1029 871 1110 disseram,
896 1053 959 1096 non
983 1033 1068 1096 recte
1092 1030 1238 1096 videatur
1260 1052 1388 1114 prorsus

268 1137 446 1220 spernenda
482 1157 560 1202 esse.
618 1134 730 1201 Potuit
765 1137 908 1222 quidem,
944 1139 1010 1204 sive
1045 1161 1064 1204 a
1092 1136 1221 1203 Catullo
1254 1137 1321 1203 sive
1348 1139 1387 1204 ab

267 1244 499 1327 interpolatore
534 1266 642 1311 versus
678 1245 734 1309 ille
767 1245 930 1332 profectus
965 1250 1029 1327 est,
1059 1246 1144 1324 fieri,
1173 1250 1210 1310 ut
1239 1246 1387 1312 librarius

266 1372 374 1416 vocem
408 1352 551 1436 aliquam
580 1353 685 1437 spatio
715 1353 828 1419 relicto
851 1354 1032 1434 omitteret,
1062 1353 1145 1438 quod
1173 1355 1206 1418 in
1237 1375 1281 1444 eo¹
1296 1354 1388 1433 libro,

266 1481 305 1524 ex
340 1481 403 1544 quo
438 1460 654 1540 describebat,
691 1462 914 1546 neglegentius
950 1461 1070 1545 scripta
1100 1465 1197 1542 esset,
1227 1485 1325 1546 quam
1352 1465 1388 1526 ut

265 1567 358 1633 facile
395 1568 460 1653 legi
494 1571 609 1652 posset.
656 1566 717 1634 Sed
746 1569 857 1653 paullo
886 1567 1085 1654 probabilius
1113 1570 1163 1632 est
1191 1592 1301 1636 vocem
1330 1569 1387 1635 tali

265 1674 358 1741 modo
392 1675 597 1742 obliteratam
632 1677 666 1741 iu
698 1677 803 1742 codice
838 1677 965 1742 vetusto
999 1678 1033 1740 et
1067 1675 1194 1763 integro
1229 1700 1327 1762 quam
1355 1678 1387 1743 in

267 1805 360 1849 versu
394 1806 502 1852 recens
532 1788 573 1852 ab
601 1786 835 1872 interpolatore
864 1783 1026 1867 adscripto
1056 1784 1210 1851 extitisse.
1257 1787 1389 1853 Accedit

264 1913 339 1958 usus
363 1892 466 1959 futuri
496 1897 600 1961 exacti
628 1897 766 1959 audiero.
812 1891 965 1958 Utuntur.
982 1892 1066 1956 enim
1090 1891 1199 1958 Latini
1222 1896 1285 1963 hoo
1308 1901 1390 1960 tem·

264 2021 342 2084 pore
365 2003 524 2087 saepicule
547 2001 603 2081 ibi,
628 2002 682 2066 ubi
706 2023 762 2067 nos
785 2001 922 2085 simplex
945 1998 1088 2064 futurum
1111 1999 1311 2080 adhibemus,
1336 1999 1388 2084 (f.

264 2105 407 2196 Madvig.
437 2131 489 2194 op.
519 2108 617 2192 prior.
647 2132 680 2195 p.
710 2107 767 2195 97)
790 2109 979 2194 plerumque
1004 2105 1065 2187 ita,
1095 2111 1132 2172 ut
1155 2108 1314 2172 indicetur
1337 2130 1389 2173 ao-

265 2218 386 2282 tionem
410 2218 554 2301 aliquam
571 2217 656 2282 haud
673 2217 768 2282 dubie
784 2217 936 2300 nullaque
953 2235 1042 2279 mora
1058 2215 1250 2301 interposita
1268 2216 1389 2282 factum

267 2325 318 2407 iri,
342 2326 444 2391 veluti
468 2323 532 2390 Cic.
558 2324 598 2389 ad
621 2324 693 2391 Att.
719 2324 768 2389 111
787 2325 877 2404 19,1:
902 2344 1053 2406 nusquam
1076 2328 1200 2407 facilins
1222 2328 1306 2390 torro
1329 2328 1389 2389 rni-

265 2436 427 2499 serrimom
456 2438 551 2498 citam
574 2436 622 2498 aet
642 2435 818 2498 sustentabo
852 2434 910 2511 ael,
944 2434 1025 2515 qaod
1066 2435 1158 2497 multo
1193 2443 1237 2498 est
1271 2438 1389 2513 melias,

265 2544 425 2622 obiecero,
459 2542 500 2608 ad
516 2541 601 2610 am
626 2539 656 2606 V
682 2541 751 2620 1,3:
786 2552 818 2605 tn
847 2543 945 2605 inoito
973 2542 1128 2620 mutieres,
1157 2564 1212 2624 epo
1244 2546 1390 2606 oecioero

263 2672 387 2735 pueros,
410 2674 469 2736 pro
492 2651 602 2717 Plana.
627 2650 741 2731 33pa:
771 2652 864 2714 mutto
891 2651 980 2712 citios
1002 2671 1101 2713 eneam
1123 2654 1253 2715 salntem
1276 2673 1338 2732 pro
1362 2661 1390 2714 te

265 2760 406 2824 obiecero
430 2779 522 2842 qnam
549 2760 601 2824 Cn.
624 2761 744 2822 Planoii
765 2760 894 2822 satutem
917 2759 1076 2822 tradidero
1100 2762 1283 2824 contentioni
1307 2770 1389 2838 tuoe,

265 2866 304 2930 de
326 2887 393 2949 rep.
417 2865 434 2930 Ι
459 2864 571 2946 13,20;
601 2868 677 2930 nituit
698 2875 742 2929 est
766 2867 867 2928 odino
897 2867 1085 2947 disputatum
1111 2876 1149 2945 et,
1174 2871 1321 2950 quioniam
1345 2878 1389 2933 est

262 2979 429 3059 intepram,
458 2978 585 3040 libenter
608 2977 662 3038 titi
692 2983 724 3037 nt
751 2975 788 3036 de
813 2993 848 3037 eo
872 2974 1008 3036 disseras
1031 2976 1168 3056 equidem
1193 2997 1389 3052 coracessero;

262 3085 424 3151 interdum
446 3088 556 3151 autem
579 3083 678 3149 etiam
698 3083 754 3162 ita¹
771 3084 809 3145 ut
825 3103 922 3164 quam
937 3082 978 3147 ob
994 3104 1062 3146 rem
1078 3082 1224 3147 futurum
1239 3087 1389 3148 exactum

263 3191 401 3277 simplici
428 3193 538 3258 lutura
566 3193 750 3278 praelatum
778 3190 836 3267 sit,
872 3210 936 3253 non
965 3189 1167 3275 dispiciatur,
1195 3191 1388 3276 praesertim

262 3321 336 3364 cum
365 3299 401 3364 in
429 3300 538 3366 eodem
567 3300 735 3364 enuntiato
764 3296 854 3361 nulla
882 3317 977 3362 eausa
1004 3298 1171 3382 perspicua
1195 3297 1235 3362 ab
1258 3317 1324 3360 uuo
1348 3296 1389 3362 ad

264 3405 405 3472 alterum
429 3406 586 3473 transitus
609 3405 679 3484 fiat,
704 3404 798 3490 Prcp.
823 3402 855 3468 Π
879 3403 1027 3484 5,21.22;

429 3519 493 3580 Neo
515 3517 569 3579 tibi
591 3517 718 3598 periuro
740 3516 909 3579 scindam
934 3517 970 3579 de
994 3537 1122 3598 corpore
1146 3525 1267 3593 vestem,

477 3627 541 3690 Neo
564 3646 632 3689 oreo
654 3625 836 3707 praeclusos
857 3626 1024 3708 froperit
1047 3627 1097 3689 iro
1119 3628 1213 3706 [ores.

267 3735 368 3821 Verg.
393 3733 472 3800 Aen.
497 3731 545 3799 IX
568 3730 727 3798 297298:

423 3847 562 3926 Namque
585 3844 657 3906 erit
681 3843 741 3904 ista
764 3841 837 3902 milei
859 3842 998 3922 penetrta
1020 3861 1188 3923 moneatque
1213 3840 1346 3904 Creusae

188 4023 192 4032 ,
424 3954 528 4016 Sotnm
551 3951 732 4032 defuerit.

263 4058 406 4126 Tantum
433 4059 535 4144 igitur
565 4057 672 4136 abest,
707 4061 745 4120 ut
773 4079 847 4121 cum
871 4054 1064 4121 Baehrensio
1094 4052 1322 4141 (pxxvlll)
1351 4051 1385 4115 in
1474 4045 1477 4052 ’

263 4171 445 4251 temporum
483 4165 540 4231 illa
579 4164 759 4230 mutatione
794 4163 963 4230 haerentes
1001 4185 1127 4229 versum
1160 4159 1385 4246 interpolatori

263 4273 470 4338 tribuendum
493 4291 685 4350 censeamus
710 4276 747 4335 ut
770 4272 804 4335 iu
828 4293 865 4335 ea
887 4270 1118 4354 proprietatem
1142 4271 1303 4354 quandam
1318 4290 1383 4334 ser·
