<?xml version="1.0" encoding="UTF-8"?>
<!DOCTYPE html PUBLIC "-//W3C//DTD XHTML 1.0 Transitional//EN"
    "http://www.w3.org/TR/xhtml1/DTD/xhtml1-transitional.dtd">
<html xmlns="http://www.w3.org/1999/xhtml" xml:lang="en" lang="en">
 <head>
  <title>
</title>
<meta http-equiv="Content-Type" content="text/html;charset=utf-8" />
  <meta name='ocr-system' content='tesseract 3.04.00' />
  <meta name='ocr-capabilities' content='ocr_page ocr_carea ocr_par ocr_line ocrx_word'/>
</head>
<body>
  <div class='ocr_page' id='page_1' title='image "./derecensendisca00sydogoog_0016.png"; bbox 0 0 3240 4938; ppageno 0'>
   <div class='ocr_carea' id='block_1_1' title="bbox 836 225 854 290">
    <p class='ocr_par' dir='ltr' id='par_1_1' title="bbox 836 225 854 290">
     <span class='ocr_line' id='line_1_1' title="bbox 836 225 854 290; baseline 0 0"><span class='ocrx_word' id='word_1_1' title='bbox 836 225 854 290; x_wconf 82' lang='lat'>7</span> 
     </span>
    </p>
   </div>
   <div class='ocr_carea' id='block_1_2' title="bbox 286 400 1411 489">
    <p class='ocr_par' dir='ltr' id='par_1_2' title="bbox 286 400 1411 489">
     <span class='ocr_line' id='line_1_2' title="bbox 286 400 1411 489; baseline -0.002 -21"><span class='ocrx_word' id='word_1_2' title='bbox 286 403 458 489; x_wconf 56' lang='lat' dir='ltr'>utssaoimo</span> <span class='ocrx_word' id='word_1_3' title='bbox 487 403 650 468; x_wconf 84' lang='lat' dir='ltr'>affirmet?</span> <span class='ocrx_word' id='word_1_4' title='bbox 698 400 788 467; x_wconf 88' lang='lat' dir='ltr'>Nihil</span> <span class='ocrx_word' id='word_1_5' title='bbox 817 407 874 481; x_wconf 76' lang='lat' dir='ltr'>est,</span> <span class='ocrx_word' id='word_1_6' title='bbox 906 424 968 487; x_wconf 94' lang='lat' dir='ltr'>quo</span> <span class='ocrx_word' id='word_1_7' title='bbox 993 401 1233 468; x_wconf 84' lang='lat' dir='ltr'>Lachmannum</span> <span class='ocrx_word' id='word_1_8' title='bbox 1263 407 1411 488; x_wconf 88' lang='lat' dir='ltr'>putemus</span> 
     </span>
    </p>
   </div>
   <div class='ocr_carea' id='block_1_3' title="bbox 190 509 1412 596">
    <p class='ocr_par' dir='ltr' id='par_1_3' title="bbox 190 509 1412 596">
     <span class='ocr_line' id='line_1_3' title="bbox 190 509 1412 596; baseline 0 -20"><span class='ocrx_word' id='word_1_9' title='bbox 190 517 193 524; x_wconf 89' lang='lat'>&#39;</span> <span class='ocrx_word' id='word_1_10' title='bbox 286 512 421 577; x_wconf 85' lang='lat' dir='ltr'>voluisse</span> <span class='ocrx_word' id='word_1_11' title='bbox 451 511 481 575; x_wconf 93' lang='lat' dir='ltr'>id</span> <span class='ocrx_word' id='word_1_12' title='bbox 511 511 630 577; x_wconf 82' lang='lat' dir='ltr'>referre</span> <span class='ocrx_word' id='word_1_13' title='bbox 659 516 788 596; x_wconf 86' lang='lat' dir='ltr'>praeter</span> <span class='ocrx_word' id='word_1_14' title='bbox 819 533 872 589; x_wconf 87' lang='lat' dir='ltr'>ea,</span> <span class='ocrx_word' id='word_1_15' title='bbox 908 533 990 596; x_wconf 89' lang='lat' dir='ltr'>quae</span> <span class='ocrx_word' id='word_1_16' title='bbox 1019 509 1054 574; x_wconf 90' lang='lat' dir='ltr'>in</span> <span class='ocrx_word' id='word_1_17' title='bbox 1082 531 1174 574; x_wconf 88' lang='lat' dir='ltr'>versu</span> <span class='ocrx_word' id='word_1_18' title='bbox 1204 511 1412 595; x_wconf 79' lang='lat' dir='ltr'>praecedente</span> 
     </span>
    </p>
   </div>
   <div class='ocr_carea' id='block_1_4' title="bbox 284 619 1413 4149">
    <p class='ocr_par' dir='ltr' id='par_1_4' title="bbox 284 619 1413 2191">
     <span class='ocr_line' id='line_1_4' title="bbox 285 619 1413 703; baseline 0.001 -21"><span class='ocrx_word' id='word_1_19' title='bbox 285 619 460 684; x_wconf 82' lang='lat' dir='ltr'>habentur:</span> <span class='ocrx_word' id='word_1_20' title='bbox 496 639 594 703; x_wconf 76' lang='lat' dir='ltr'>poure</span> <span class='ocrx_word' id='word_1_21' title='bbox 617 621 679 680; x_wconf 86' lang='lat' dir='ltr'>ium</span> <span class='ocrx_word' id='word_1_22' title='bbox 702 629 730 682; x_wconf 84' lang='lat' dir='ltr'>tc</span> <span class='ocrx_word' id='word_1_23' title='bbox 755 639 811 680; x_wconf 84' lang='lat' dir='ltr'>cur</span> <span class='ocrx_word' id='word_1_24' title='bbox 835 621 966 700; x_wconf 71' lang='lat' dir='ltr'>arreptius</span> <span class='ocrx_word' id='word_1_25' title='bbox 990 622 1159 701; x_wconf 71' lang='lat' dir='ltr'>excrucies,</span> <span class='ocrx_word' id='word_1_26' title='bbox 1182 619 1261 685; x_wconf 85' lang='lat' dir='ltr'>haec</span> <span class='ocrx_word' id='word_1_27' title='bbox 1285 619 1350 684; x_wconf 86' lang='lat' dir='ltr'>fere</span> <span class='ocrx_word' id='word_1_28' title='bbox 1376 623 1413 683; x_wconf 90' lang='lat' dir='ltr'>ut</span> 
     </span>
     <span class='ocr_line' id='line_1_5' title="bbox 284 725 1413 810; baseline 0 -18"><span class='ocrx_word' id='word_1_29' title='bbox 284 727 417 798; x_wconf 72' lang='lat' dir='ltr'>evadat,</span> <span class='ocrx_word' id='word_1_30' title='bbox 432 725 608 792; x_wconf 85' lang='lat' dir='ltr'>sententia:</span> <span class='ocrx_word' id='word_1_31' title='bbox 643 726 721 810; x_wconf 90' lang='lat' dir='ltr'>quin</span> <span class='ocrx_word' id='word_1_32' title='bbox 750 730 786 790; x_wconf 90' lang='lat' dir='ltr'>tu</span> <span class='ocrx_word' id='word_1_33' title='bbox 811 726 918 790; x_wconf 89' lang='lat' dir='ltr'>animo</span> <span class='ocrx_word' id='word_1_34' title='bbox 942 727 1085 792; x_wconf 85' lang='lat' dir='ltr'>affirmas</span> <span class='ocrx_word' id='word_1_35' title='bbox 1110 730 1142 791; x_wconf 90' lang='lat' dir='ltr'>te</span> <span class='ocrx_word' id='word_1_36' title='bbox 1166 727 1304 810; x_wconf 86' lang='lat' dir='ltr'>amplius</span> <span class='ocrx_word' id='word_1_37' title='bbox 1328 726 1413 792; x_wconf 88' lang='lat' dir='ltr'>nolle</span> 
     </span>
     <span class='ocr_line' id='line_1_6' title="bbox 284 833 1412 919; baseline 0.002 -20"><span class='ocrx_word' id='word_1_38' title='bbox 284 839 317 899; x_wconf 88' lang='lat' dir='ltr'>te</span> <span class='ocrx_word' id='word_1_39' title='bbox 342 835 547 900; x_wconf 79' lang='lat' dir='ltr'>excruciare?</span> <span class='ocrx_word' id='word_1_40' title='bbox 594 833 696 909; x_wconf 82' lang='lat' dir='ltr'>Quam</span> <span class='ocrx_word' id='word_1_41' title='bbox 726 836 835 899; x_wconf 87' lang='lat' dir='ltr'>tamen</span> <span class='ocrx_word' id='word_1_42' title='bbox 865 835 1100 919; x_wconf 88' lang='lat' dir='ltr'>interpretandi</span> <span class='ocrx_word' id='word_1_43' title='bbox 1125 834 1282 898; x_wconf 88' lang='lat' dir='ltr'>rationem</span> <span class='ocrx_word' id='word_1_44' title='bbox 1308 835 1412 901; x_wconf 85' lang='lat' dir='ltr'>fateor</span> 
     </span>
     <span class='ocr_line' id='line_1_7' title="bbox 284 938 1413 1029; baseline -0.001 -21"><span class='ocrx_word' id='word_1_45' title='bbox 284 941 364 1008; x_wconf 89' lang='lat' dir='ltr'>mihi</span> <span class='ocrx_word' id='word_1_46' title='bbox 388 942 556 1008; x_wconf 84' lang='lat' dir='ltr'>admodum</span> <span class='ocrx_word' id='word_1_47' title='bbox 581 946 762 1008; x_wconf 88' lang='lat' dir='ltr'>contortam</span> <span class='ocrx_word' id='word_1_48' title='bbox 787 939 887 1006; x_wconf 87' lang='lat' dir='ltr'>videri</span> <span class='ocrx_word' id='word_1_49' title='bbox 911 942 997 1019; x_wconf 67' lang='lat' dir='ltr'>sadec,</span> <span class='ocrx_word' id='word_1_50' title='bbox 1029 946 1066 1002; x_wconf 90' lang='lat' dir='ltr'>ut</span> <span class='ocrx_word' id='word_1_51' title='bbox 1089 938 1288 1006; x_wconf 87' lang='lat' dir='ltr'>Lachmanni</span> <span class='ocrx_word' id='word_1_52' title='bbox 1313 945 1413 1029; x_wconf 85' lang='lat' dir='ltr'>serip-</span> 
     </span>
     <span class='ocr_line' id='line_1_8' title="bbox 286 1047 1413 1132; baseline 0.001 -17"><span class='ocrx_word' id='word_1_53' title='bbox 286 1055 393 1116; x_wconf 86' lang='lat' dir='ltr'>turam</span> <span class='ocrx_word' id='word_1_54' title='bbox 428 1071 537 1114; x_wconf 87' lang='lat' dir='ltr'>veram</span> <span class='ocrx_word' id='word_1_55' title='bbox 573 1071 639 1114; x_wconf 88' lang='lat' dir='ltr'>esse</span> <span class='ocrx_word' id='word_1_56' title='bbox 673 1049 754 1113; x_wconf 90' lang='lat' dir='ltr'>mihi</span> <span class='ocrx_word' id='word_1_57' title='bbox 787 1049 977 1132; x_wconf 86' lang='lat' dir='ltr'>persuadere</span> <span class='ocrx_word' id='word_1_58' title='bbox 1012 1063 1176 1131; x_wconf 88' lang='lat' dir='ltr'>nequeam.</span> <span class='ocrx_word' id='word_1_59' title='bbox 1235 1047 1304 1114; x_wconf 90' lang='lat' dir='ltr'>lam</span> <span class='ocrx_word' id='word_1_60' title='bbox 1338 1073 1413 1116; x_wconf 87' lang='lat' dir='ltr'>vero</span> 
     </span>
     <span class='ocr_line' id='line_1_9' title="bbox 286 1155 1413 1243; baseline 0.002 -22"><span class='ocrx_word' id='word_1_61' title='bbox 286 1163 389 1242; x_wconf 82' lang='lat' dir='ltr'>itaque</span> <span class='ocrx_word' id='word_1_62' title='bbox 427 1157 557 1222; x_wconf 88' lang='lat' dir='ltr'>omnino</span> <span class='ocrx_word' id='word_1_63' title='bbox 596 1178 659 1221; x_wconf 92' lang='lat' dir='ltr'>non</span> <span class='ocrx_word' id='word_1_64' title='bbox 699 1156 837 1222; x_wconf 83' lang='lat' dir='ltr'>habetur</span> <span class='ocrx_word' id='word_1_65' title='bbox 876 1157 909 1221; x_wconf 91' lang='lat' dir='ltr'>in</span> <span class='ocrx_word' id='word_1_66' title='bbox 949 1155 1053 1232; x_wconf 87' lang='lat' dir='ltr'>libris,</span> <span class='ocrx_word' id='word_1_67' title='bbox 1099 1156 1153 1222; x_wconf 90' lang='lat' dir='ltr'>sed</span> <span class='ocrx_word' id='word_1_68' title='bbox 1191 1179 1210 1222; x_wconf 85' lang='lat' dir='ltr'>a</span> <span class='ocrx_word' id='word_1_69' title='bbox 1250 1155 1413 1243; x_wconf 83' lang='lat' dir='ltr'>Scaligero</span> 
     </span>
     <span class='ocr_line' id='line_1_10' title="bbox 287 1263 1412 1349; baseline -0.001 -18"><span class='ocrx_word' id='word_1_70' title='bbox 287 1266 465 1331; x_wconf 88' lang='lat' dir='ltr'>coniectum</span> <span class='ocrx_word' id='word_1_71' title='bbox 482 1269 546 1344; x_wconf 89' lang='lat' dir='ltr'>est;</span> <span class='ocrx_word' id='word_1_72' title='bbox 571 1264 644 1330; x_wconf 90' lang='lat' dir='ltr'>libri</span> <span class='ocrx_word' id='word_1_73' title='bbox 661 1273 788 1349; x_wconf 90' lang='lat' dir='ltr'>praeter</span> <span class='ocrx_word' id='word_1_74' title='bbox 807 1263 845 1342; x_wconf 84' lang='lat' dir='ltr'>D,</span> <span class='ocrx_word' id='word_1_75' title='bbox 861 1264 894 1328; x_wconf 91' lang='lat' dir='ltr'>in</span> <span class='ocrx_word' id='word_1_76' title='bbox 912 1285 974 1347; x_wconf 93' lang='lat' dir='ltr'>quo</span> <span class='ocrx_word' id='word_1_77' title='bbox 990 1285 1136 1346; x_wconf 83' lang='lat' dir='ltr'>perverse</span> <span class='ocrx_word' id='word_1_78' title='bbox 1153 1275 1240 1347; x_wconf 84' lang='lat' dir='ltr'>teque</span> <span class='ocrx_word' id='word_1_79' title='bbox 1257 1266 1412 1349; x_wconf 87' lang='lat' dir='ltr'>scriptum</span> 
     </span>
     <span class='ocr_line' id='line_1_11' title="bbox 286 1372 1412 1456; baseline -0.004 -16"><span class='ocrx_word' id='word_1_80' title='bbox 286 1378 351 1453; x_wconf 87' lang='lat' dir='ltr'>est,</span> <span class='ocrx_word' id='word_1_81' title='bbox 382 1375 421 1440; x_wconf 88' lang='lat' dir='ltr'>ad</span> <span class='ocrx_word' id='word_1_82' title='bbox 449 1396 548 1438; x_wconf 90' lang='lat' dir='ltr'>unum</span> <span class='ocrx_word' id='word_1_83' title='bbox 578 1394 689 1438; x_wconf 87' lang='lat' dir='ltr'>omnes</span> <span class='ocrx_word' id='word_1_84' title='bbox 719 1383 810 1456; x_wconf 83' lang='lat' dir='ltr'>atquc</span> <span class='ocrx_word' id='word_1_85' title='bbox 840 1372 1009 1447; x_wconf 81' lang='lat' dir='ltr'>exhibent;</span> <span class='ocrx_word' id='word_1_86' title='bbox 1044 1393 1102 1454; x_wconf 88' lang='lat' dir='ltr'>pro</span> <span class='ocrx_word' id='word_1_87' title='bbox 1127 1375 1269 1453; x_wconf 73' lang='lat' dir='ltr'>offirmas</span> <span class='ocrx_word' id='word_1_88' title='bbox 1293 1381 1412 1453; x_wconf 84' lang='lat' dir='ltr'>autem,</span> 
     </span>
     <span class='ocr_line' id='line_1_12' title="bbox 286 1479 1411 1568; baseline -0.002 -21"><span class='ocrx_word' id='word_1_89' title='bbox 286 1482 370 1568; x_wconf 93' lang='lat' dir='ltr'>quod</span> <span class='ocrx_word' id='word_1_90' title='bbox 400 1482 430 1547; x_wconf 91' lang='lat' dir='ltr'>D</span> <span class='ocrx_word' id='word_1_91' title='bbox 460 1487 493 1547; x_wconf 90' lang='lat' dir='ltr'>et</span> <span class='ocrx_word' id='word_1_92' title='bbox 521 1481 547 1546; x_wconf 91' lang='lat' dir='ltr'>L</span> <span class='ocrx_word' id='word_1_93' title='bbox 578 1504 649 1547; x_wconf 88' lang='lat' dir='ltr'>cum</span> <span class='ocrx_word' id='word_1_94' title='bbox 680 1488 858 1546; x_wconf 88' lang='lat' dir='ltr'>ceterorum</span> <span class='ocrx_word' id='word_1_95' title='bbox 888 1479 1094 1542; x_wconf 90' lang='lat' dir='ltr'>multitudine</span> <span class='ocrx_word' id='word_1_96' title='bbox 1123 1480 1296 1563; x_wconf 85' lang='lat' dir='ltr'>praebent,</span> <span class='ocrx_word' id='word_1_97' title='bbox 1327 1481 1360 1545; x_wconf 91' lang='lat' dir='ltr'>in</span> <span class='ocrx_word' id='word_1_98' title='bbox 1385 1479 1411 1545; x_wconf 81' lang='lat' dir='ltr'><strong>G</strong></span> 
     </span>
     <span class='ocr_line' id='line_1_13' title="bbox 286 1584 1413 1676; baseline -0.002 -21"><span class='ocrx_word' id='word_1_99' title='bbox 286 1594 426 1674; x_wconf 73' lang='lat' dir='ltr'>offirmas</span> <span class='ocrx_word' id='word_1_100' title='bbox 463 1591 584 1676; x_wconf 84' lang='lat' dir='ltr'>legitur</span> <span class='ocrx_word' id='word_1_101' title='bbox 614 1610 748 1672; x_wconf 88' lang='lat' dir='ltr'>cumque</span> <span class='ocrx_word' id='word_1_102' title='bbox 777 1586 802 1652; x_wconf 85' lang='lat' dir='ltr'><strong>G</strong></span> <span class='ocrx_word' id='word_1_103' title='bbox 834 1586 994 1652; x_wconf 75' lang='lat' dir='ltr'>consentit</span> <span class='ocrx_word' id='word_1_104' title='bbox 1023 1584 1059 1652; x_wconf 89' lang='grc' dir='ltr'>Ο.</span> <span class='ocrx_word' id='word_1_105' title='bbox 1113 1585 1291 1652; x_wconf 83' lang='lat' dir='ltr'>Teneamus</span> <span class='ocrx_word' id='word_1_106' title='bbox 1321 1599 1413 1673; x_wconf 82' lang='lat' dir='ltr'>alque</span> 
     </span>
     <span class='ocr_line' id='line_1_14' title="bbox 287 1695 1412 1779; baseline 0 -17"><span class='ocrx_word' id='word_1_107' title='bbox 287 1705 319 1764; x_wconf 88' lang='lat' dir='ltr'>et</span> <span class='ocrx_word' id='word_1_108' title='bbox 349 1721 388 1764; x_wconf 87' lang='lat' dir='ltr'>ex</span> <span class='ocrx_word' id='word_1_109' title='bbox 417 1697 474 1764; x_wconf 71' lang='grc' dir='ltr'>ΘΟ</span> <span class='ocrx_word' id='word_1_110' title='bbox 509 1697 718 1762; x_wconf 88' lang='lat' dir='ltr'>restituamus</span> <span class='ocrx_word' id='word_1_111' title='bbox 752 1700 906 1779; x_wconf 71' lang='lat' dir='ltr'>offirmas:</span> <span class='ocrx_word' id='word_1_112' title='bbox 947 1698 1069 1758; x_wconf 87' lang='lat' dir='ltr'>remota</span> <span class='ocrx_word' id='word_1_113' title='bbox 1105 1697 1179 1757; x_wconf 90' lang='lat' dir='ltr'>sunt</span> <span class='ocrx_word' id='word_1_114' title='bbox 1213 1695 1412 1762; x_wconf 89' lang='lat' dir='ltr'>incommoda</span> 
     </span>
     <span class='ocr_line' id='line_1_15' title="bbox 286 1801 1411 1891; baseline -0.004 -19"><span class='ocrx_word' id='word_1_115' title='bbox 286 1808 464 1891; x_wconf 84' lang='lat' dir='ltr'>scripturae</span> <span class='ocrx_word' id='word_1_116' title='bbox 488 1804 768 1871; x_wconf 87' lang='lat' dir='ltr'>Lachmannianae</span> <span class='ocrx_word' id='word_1_117' title='bbox 798 1808 831 1868; x_wconf 89' lang='lat' dir='ltr'>et</span> <span class='ocrx_word' id='word_1_118' title='bbox 859 1825 968 1868; x_wconf 87' lang='lat' dir='ltr'>veram</span> <span class='ocrx_word' id='word_1_119' title='bbox 999 1801 1112 1884; x_wconf 89' lang='lat' dir='ltr'>opinor</span> <span class='ocrx_word' id='word_1_120' title='bbox 1139 1809 1253 1884; x_wconf 87' lang='lat' dir='ltr'>poetae</span> <span class='ocrx_word' id='word_1_121' title='bbox 1283 1827 1411 1869; x_wconf 88' lang='lat' dir='ltr'>manum</span> 
     </span>
     <span class='ocr_line' id='line_1_16' title="bbox 288 1915 519 1980; baseline -0.009 -2"><span class='ocrx_word' id='word_1_122' title='bbox 288 1915 375 1980; x_wconf 85' lang='lat' dir='ltr'>nacti</span> <span class='ocrx_word' id='word_1_123' title='bbox 398 1935 519 1978; x_wconf 85' lang='lat' dir='ltr'>sumus:</span> 
     </span>
     <span class='ocr_line' id='line_1_17' title="bbox 451 2021 1360 2101; baseline 0.002 -19"><span class='ocrx_word' id='word_1_124' title='bbox 451 2021 531 2098; x_wconf 80' lang='lat' dir='ltr'>Quin</span> <span class='ocrx_word' id='word_1_125' title='bbox 555 2028 587 2082; x_wconf 80' lang='lat' dir='ltr'>tu</span> <span class='ocrx_word' id='word_1_126' title='bbox 613 2021 714 2083; x_wconf 81' lang='lat' dir='ltr'>ocimo</span> <span class='ocrx_word' id='word_1_127' title='bbox 738 2022 878 2100; x_wconf 71' lang='lat' dir='ltr'>offirmas</span> <span class='ocrx_word' id='word_1_128' title='bbox 902 2027 993 2101; x_wconf 85' lang='lat' dir='ltr'>utque</span> <span class='ocrx_word' id='word_1_129' title='bbox 1015 2021 1105 2081; x_wconf 78' lang='lat' dir='ltr'>istinc</span> <span class='ocrx_word' id='word_1_130' title='bbox 1128 2028 1215 2100; x_wconf 79' lang='lat' dir='ltr'>teque</span> <span class='ocrx_word' id='word_1_131' title='bbox 1239 2021 1360 2084; x_wconf 81' lang='lat' dir='ltr'>reducis</span> 
     </span>
     <span class='ocr_line' id='line_1_18' title="bbox 501 2129 1116 2191; baseline -0.003 -1"><span class='ocrx_word' id='word_1_132' title='bbox 501 2129 540 2190; x_wconf 82' lang='lat' dir='ltr'>Et</span> <span class='ocrx_word' id='word_1_133' title='bbox 565 2130 630 2190; x_wconf 80' lang='lat' dir='ltr'>deis</span> <span class='ocrx_word' id='word_1_134' title='bbox 652 2129 753 2191; x_wconf 80' lang='lat' dir='ltr'>inuitis</span> <span class='ocrx_word' id='word_1_135' title='bbox 778 2129 890 2191; x_wconf 80' lang='lat' dir='ltr'>desinis</span> <span class='ocrx_word' id='word_1_136' title='bbox 913 2147 977 2190; x_wconf 83' lang='lat' dir='ltr'>csse</span> <span class='ocrx_word' id='word_1_137' title='bbox 1001 2129 1116 2190; x_wconf 76' lang='lat' dir='ltr'>miser?</span> 
     </span>
    </p>

    <p class='ocr_par' dir='ltr' id='par_1_5' title="bbox 286 2234 1413 2966">
     <span class='ocr_line' id='line_1_19' title="bbox 288 2234 1412 2319; baseline -0.004 -17"><span class='ocrx_word' id='word_1_138' title='bbox 288 2237 406 2302; x_wconf 89' lang='lat' dir='ltr'>Deleto</span> <span class='ocrx_word' id='word_1_139' title='bbox 453 2235 497 2300; x_wconf 89' lang='lat' dir='ltr'>sio</span> <span class='ocrx_word' id='word_1_140' title='bbox 541 2238 715 2313; x_wconf 84' lang='lat' dir='ltr'>commate,</span> <span class='ocrx_word' id='word_1_141' title='bbox 778 2235 861 2319; x_wconf 91' lang='lat' dir='ltr'>quod</span> <span class='ocrx_word' id='word_1_142' title='bbox 907 2234 1130 2299; x_wconf 86' lang='lat' dir='ltr'>Lachmannus</span> <span class='ocrx_word' id='word_1_143' title='bbox 1180 2237 1253 2316; x_wconf 87' lang='lat' dir='ltr'>post</span> <span class='ocrx_word' id='word_1_144' title='bbox 1304 2255 1412 2298; x_wconf 89' lang='lat' dir='ltr'>vocem</span> 
     </span>
     <span class='ocr_line' id='line_1_20' title="bbox 286 2342 1413 2428; baseline -0.001 -18"><span class='ocrx_word' id='word_1_145' title='bbox 286 2349 409 2411; x_wconf 80' lang='lat' dir='ltr'>reducis</span> <span class='ocrx_word' id='word_1_146' title='bbox 437 2343 553 2428; x_wconf 84' lang='lat' dir='ltr'>posuit,</span> <span class='ocrx_word' id='word_1_147' title='bbox 586 2342 771 2426; x_wconf 88' lang='lat' dir='ltr'>bipertitam</span> <span class='ocrx_word' id='word_1_148' title='bbox 798 2342 951 2408; x_wconf 87' lang='lat' dir='ltr'>habemus</span> <span class='ocrx_word' id='word_1_149' title='bbox 974 2343 1165 2423; x_wconf 85' lang='lat' dir='ltr'>orationem,</span> <span class='ocrx_word' id='word_1_150' title='bbox 1196 2343 1285 2407; x_wconf 91' lang='lat' dir='ltr'>cuius</span> <span class='ocrx_word' id='word_1_151' title='bbox 1309 2343 1413 2409; x_wconf 87' lang='lat' dir='ltr'>altera</span> 
     </span>
     <span class='ocr_line' id='line_1_21' title="bbox 286 2451 1412 2539; baseline -0.003 -20"><span class='ocrx_word' id='word_1_152' title='bbox 286 2475 360 2539; x_wconf 86' lang='lat' dir='ltr'>pars</span> <span class='ocrx_word' id='word_1_153' title='bbox 384 2453 457 2516; x_wconf 90' lang='lat' dir='ltr'>inde</span> <span class='ocrx_word' id='word_1_154' title='bbox 481 2474 500 2516; x_wconf 88' lang='lat' dir='ltr'>a</span> <span class='ocrx_word' id='word_1_155' title='bbox 523 2451 684 2535; x_wconf 88' lang='lat' dir='ltr'>particula</span> <span class='ocrx_word' id='word_1_156' title='bbox 708 2460 799 2534; x_wconf 80' lang='lat' dir='ltr'>atqrre</span> <span class='ocrx_word' id='word_1_157' title='bbox 823 2451 976 2533; x_wconf 86' lang='lat' dir='ltr'>incipiens</span> <span class='ocrx_word' id='word_1_158' title='bbox 1001 2473 1111 2516; x_wconf 86' lang='lat' dir='ltr'>rursus</span> <span class='ocrx_word' id='word_1_159' title='bbox 1134 2452 1211 2516; x_wconf 87' lang='lat' dir='ltr'>duas</span> <span class='ocrx_word' id='word_1_160' title='bbox 1229 2453 1337 2534; x_wconf 88' lang='lat' dir='ltr'>partes</span> <span class='ocrx_word' id='word_1_161' title='bbox 1355 2473 1412 2534; x_wconf 90' lang='lat' dir='ltr'>per·</span> 
     </span>
     <span class='ocr_line' id='line_1_22' title="bbox 287 2556 1410 2645; baseline -0.002 -20"><span class='ocrx_word' id='word_1_162' title='bbox 287 2561 462 2645; x_wconf 85' lang='lat' dir='ltr'>particulas</span> <span class='ocrx_word' id='word_1_163' title='bbox 497 2581 555 2643; x_wconf 82' lang='lat' dir='ltr'>que</span> <span class='ocrx_word' id='word_1_164' title='bbox 589 2595 632 2605; x_wconf 90' lang='lat'><em>-</em></span> <span class='ocrx_word' id='word_1_165' title='bbox 667 2568 695 2622; x_wconf 83' lang='lat' dir='ltr'>et</span> <span class='ocrx_word' id='word_1_166' title='bbox 729 2559 914 2622; x_wconf 87' lang='lat' dir='ltr'>coniunctas</span> <span class='ocrx_word' id='word_1_167' title='bbox 948 2557 1101 2623; x_wconf 89' lang='lat' dir='ltr'>continet.</span> <span class='ocrx_word' id='word_1_168' title='bbox 1160 2556 1267 2641; x_wconf 84' lang='lat' dir='ltr'>Atque</span> <span class='ocrx_word' id='word_1_169' title='bbox 1302 2560 1410 2624; x_wconf 91' lang='lat' dir='ltr'>eadem</span> 
     </span>
     <span class='ocr_line' id='line_1_23' title="bbox 287 2664 1411 2752; baseline -0.002 -20"><span class='ocrx_word' id='word_1_170' title='bbox 287 2669 411 2733; x_wconf 87' lang='lat' dir='ltr'>ratione</span> <span class='ocrx_word' id='word_1_171' title='bbox 440 2664 625 2732; x_wconf 82' lang='lat' dir='ltr'>Schwabius</span> <span class='ocrx_word' id='word_1_172' title='bbox 654 2666 756 2729; x_wconf 80' lang='lat' dir='ltr'>locuni</span> <span class='ocrx_word' id='word_1_173' title='bbox 786 2665 974 2751; x_wconf 84' lang='lat' dir='ltr'>intellegere</span> <span class='ocrx_word' id='word_1_174' title='bbox 1004 2666 1144 2742; x_wconf 83' lang='lat' dir='ltr'>videtur,</span> <span class='ocrx_word' id='word_1_175' title='bbox 1180 2688 1251 2730; x_wconf 87' lang='lat' dir='ltr'>oum</span> <span class='ocrx_word' id='word_1_176' title='bbox 1282 2664 1411 2752; x_wconf 76' lang='lat' dir='ltr'>Silligii,</span> 
     </span>
     <span class='ocr_line' id='line_1_24' title="bbox 287 2773 1412 2861; baseline 0.001 -21"><span class='ocrx_word' id='word_1_177' title='bbox 287 2777 340 2861; x_wconf 92' lang='lat' dir='ltr'>qui</span> <span class='ocrx_word' id='word_1_178' title='bbox 370 2776 501 2842; x_wconf 90' lang='lat' dir='ltr'>eandem</span> <span class='ocrx_word' id='word_1_179' title='bbox 531 2796 626 2859; x_wconf 89' lang='lat' dir='ltr'>quarn</span> <span class='ocrx_word' id='word_1_180' title='bbox 657 2795 713 2838; x_wconf 89' lang='lat' dir='ltr'>nos</span> <span class='ocrx_word' id='word_1_181' title='bbox 742 2778 774 2837; x_wconf 89' lang='lat' dir='ltr'>et</span> <span class='ocrx_word' id='word_1_182' title='bbox 803 2775 857 2838; x_wconf 90' lang='lat' dir='ltr'>ille</span> <span class='ocrx_word' id='word_1_183' title='bbox 890 2773 1082 2858; x_wconf 87' lang='lat' dir='ltr'>scripturam</span> <span class='ocrx_word' id='word_1_184' title='bbox 1111 2777 1236 2853; x_wconf 83' lang='lat' dir='ltr'>tuetur,</span> <span class='ocrx_word' id='word_1_185' title='bbox 1272 2776 1412 2859; x_wconf 82' lang='lat' dir='ltr'>expliea-</span> 
     </span>
     <span class='ocr_line' id='line_1_25' title="bbox 286 2882 845 2966; baseline 0.002 -17"><span class='ocrx_word' id='word_1_186' title='bbox 286 2885 407 2950; x_wconf 89' lang='lat' dir='ltr'>tionem</span> <span class='ocrx_word' id='word_1_187' title='bbox 432 2884 510 2948; x_wconf 86' lang='lat' dir='ltr'>satis</span> <span class='ocrx_word' id='word_1_188' title='bbox 534 2882 647 2947; x_wconf 88' lang='lat' dir='ltr'>miram</span> <span class='ocrx_word' id='word_1_189' title='bbox 671 2883 845 2966; x_wconf 86' lang='lat' dir='ltr'>vituperat.</span> 
     </span>
    </p>

    <p class='ocr_par' dir='ltr' id='par_1_6' title="bbox 287 2989 1412 3931">
     <span class='ocr_line' id='line_1_26' title="bbox 376 2989 1412 3076; baseline -0.002 -20"><span class='ocrx_word' id='word_1_190' title='bbox 376 2993 578 3076; x_wconf 81' lang='lat' dir='ltr'>Quapropter</span> <span class='ocrx_word' id='word_1_191' title='bbox 606 2990 644 3055; x_wconf 91' lang='lat' dir='ltr'>de</span> <span class='ocrx_word' id='word_1_192' title='bbox 673 2989 721 3053; x_wconf 84' lang='lat' dir='ltr'>his</span> <span class='ocrx_word' id='word_1_193' title='bbox 750 2991 893 3054; x_wconf 88' lang='lat' dir='ltr'>versibus</span> <span class='ocrx_word' id='word_1_194' title='bbox 921 2989 981 3054; x_wconf 92' lang='lat' dir='ltr'>hoc</span> <span class='ocrx_word' id='word_1_195' title='bbox 1010 2990 1080 3055; x_wconf 86' lang='lat' dir='ltr'>loco</span> <span class='ocrx_word' id='word_1_196' title='bbox 1108 2989 1350 3075; x_wconf 85' lang='lat' dir='ltr'>disputavimus,</span> <span class='ocrx_word' id='word_1_197' title='bbox 1375 2995 1412 3055; x_wconf 89' lang='lat' dir='ltr'>ut</span> 
     </span>
     <span class='ocr_line' id='line_1_27' title="bbox 287 3096 1412 3166; baseline -0.004 0"><span class='ocrx_word' id='word_1_198' title='bbox 287 3100 407 3166; x_wconf 89' lang='lat' dir='ltr'>codices</span> <span class='ocrx_word' id='word_1_199' title='bbox 436 3097 465 3162; x_wconf 85' lang='lat' dir='ltr'><strong>G</strong></span> <span class='ocrx_word' id='word_1_200' title='bbox 493 3103 526 3163; x_wconf 86' lang='lat' dir='ltr'>et</span> <span class='ocrx_word' id='word_1_201' title='bbox 555 3096 581 3162; x_wconf 93' lang='lat'>0</span> <span class='ocrx_word' id='word_1_202' title='bbox 610 3097 794 3162; x_wconf 84' lang='lat' dir='ltr'>offirmandi</span> <span class='ocrx_word' id='word_1_203' title='bbox 830 3096 962 3160; x_wconf 89' lang='lat' dir='ltr'>verbum</span> <span class='ocrx_word' id='word_1_204' title='bbox 993 3101 1079 3162; x_wconf 88' lang='lat' dir='ltr'>recte</span> <span class='ocrx_word' id='word_1_205' title='bbox 1108 3120 1248 3164; x_wconf 85' lang='lat' dir='ltr'>servasse</span> <span class='ocrx_word' id='word_1_206' title='bbox 1282 3101 1412 3164; x_wconf 90' lang='lat' dir='ltr'>demon·</span> 
     </span>
     <span class='ocr_line' id='line_1_28' title="bbox 288 3202 1411 3286; baseline -0.002 -14"><span class='ocrx_word' id='word_1_207' title='bbox 288 3213 472 3286; x_wconf 78' lang='lat' dir='ltr'>atteramus,</span> <span class='ocrx_word' id='word_1_208' title='bbox 497 3206 528 3271; x_wconf 91' lang='lat' dir='ltr'>id</span> <span class='ocrx_word' id='word_1_209' title='bbox 550 3209 587 3269; x_wconf 92' lang='lat' dir='ltr'>ut</span> <span class='ocrx_word' id='word_1_210' title='bbox 602 3204 723 3270; x_wconf 83' lang='lat' dir='ltr'>viribus</span> <span class='ocrx_word' id='word_1_211' title='bbox 742 3202 860 3267; x_wconf 88' lang='lat' dir='ltr'>nostris</span> <span class='ocrx_word' id='word_1_212' title='bbox 877 3203 968 3268; x_wconf 88' lang='lat' dir='ltr'>licuit</span> <span class='ocrx_word' id='word_1_213' title='bbox 984 3204 1161 3270; x_wconf 89' lang='lat' dir='ltr'>confectum</span> <span class='ocrx_word' id='word_1_214' title='bbox 1178 3209 1237 3272; x_wconf 86' lang='lat' dir='ltr'>est.</span> <span class='ocrx_word' id='word_1_215' title='bbox 1274 3204 1411 3272; x_wconf 85' lang='lat' dir='ltr'>Restant</span> 
     </span>
     <span class='ocr_line' id='line_1_29' title="bbox 289 3312 1410 3398; baseline -0.002 -18"><span class='ocrx_word' id='word_1_216' title='bbox 289 3320 396 3380; x_wconf 85' lang='lat' dir='ltr'>autem</span> <span class='ocrx_word' id='word_1_217' title='bbox 425 3315 520 3398; x_wconf 88' lang='lat' dir='ltr'>plura</span> <span class='ocrx_word' id='word_1_218' title='bbox 548 3314 582 3378; x_wconf 92' lang='lat' dir='ltr'>in</span> <span class='ocrx_word' id='word_1_219' title='bbox 614 3313 675 3376; x_wconf 89' lang='lat' dir='ltr'>hoo</span> <span class='ocrx_word' id='word_1_220' title='bbox 704 3333 793 3376; x_wconf 89' lang='lat' dir='ltr'>versu</span> <span class='ocrx_word' id='word_1_221' title='bbox 823 3312 1057 3378; x_wconf 85' lang='lat' dir='ltr'>controversiae</span> <span class='ocrx_word' id='word_1_222' title='bbox 1081 3313 1220 3379; x_wconf 86' lang='lat' dir='ltr'>virorum</span> <span class='ocrx_word' id='word_1_223' title='bbox 1246 3314 1410 3379; x_wconf 86' lang='lat' dir='ltr'>doctorum</span> 
     </span>
     <span class='ocr_line' id='line_1_30' title="bbox 289 3420 1411 3508; baseline -0.004 -21"><span class='ocrx_word' id='word_1_224' title='bbox 289 3420 441 3498; x_wconf 80' lang='lat' dir='ltr'>obnoxia,</span> <span class='ocrx_word' id='word_1_225' title='bbox 470 3441 561 3504; x_wconf 88' lang='lat' dir='ltr'>quae,</span> <span class='ocrx_word' id='word_1_226' title='bbox 590 3441 784 3504; x_wconf 86' lang='lat' dir='ltr'>quamquam</span> <span class='ocrx_word' id='word_1_227' title='bbox 809 3421 847 3484; x_wconf 90' lang='lat' dir='ltr'>ad</span> <span class='ocrx_word' id='word_1_228' title='bbox 872 3441 958 3499; x_wconf 87' lang='lat' dir='ltr'>eam,</span> <span class='ocrx_word' id='word_1_229' title='bbox 983 3443 1079 3506; x_wconf 88' lang='lat' dir='ltr'>quarn</span> <span class='ocrx_word' id='word_1_230' title='bbox 1103 3443 1161 3487; x_wconf 88' lang='lat' dir='ltr'>nos</span> <span class='ocrx_word' id='word_1_231' title='bbox 1185 3423 1310 3508; x_wconf 84' lang='lat' dir='ltr'>agimus</span> <span class='ocrx_word' id='word_1_232' title='bbox 1333 3442 1411 3499; x_wconf 84' lang='lat' dir='ltr'>rem,</span> 
     </span>
     <span class='ocr_line' id='line_1_31' title="bbox 289 3527 1411 3614; baseline 0.002 -20"><span class='ocrx_word' id='word_1_233' title='bbox 289 3552 350 3595; x_wconf 94' lang='lat' dir='ltr'>non</span> <span class='ocrx_word' id='word_1_234' title='bbox 381 3530 560 3614; x_wconf 83' lang='lat' dir='ltr'>pertinent,</span> <span class='ocrx_word' id='word_1_235' title='bbox 591 3550 655 3593; x_wconf 92' lang='lat' dir='ltr'>non</span> <span class='ocrx_word' id='word_1_236' title='bbox 686 3527 833 3592; x_wconf 83' lang='lat' dir='ltr'>uidentur</span> <span class='ocrx_word' id='word_1_237' title='bbox 863 3528 993 3594; x_wconf 86' lang='lat' dir='ltr'>silentio</span> <span class='ocrx_word' id='word_1_238' title='bbox 1021 3529 1308 3612; x_wconf 85' lang='lat' dir='ltr'>praetermittenda</span> <span class='ocrx_word' id='word_1_239' title='bbox 1336 3550 1411 3596; x_wconf 84' lang='lat' dir='ltr'>esse.</span> 
     </span>
     <span class='ocr_line' id='line_1_32' title="bbox 288 3635 1412 3722; baseline 0 -19"><span class='ocrx_word' id='word_1_240' title='bbox 288 3639 500 3705; x_wconf 87' lang='lat' dir='ltr'>Baehrensius</span> <span class='ocrx_word' id='word_1_241' title='bbox 530 3641 671 3721; x_wconf 71' lang='lat' dir='ltr'>offirmas</span> <span class='ocrx_word' id='word_1_242' title='bbox 700 3635 826 3720; x_wconf 91' lang='lat' dir='ltr'>quidem</span> <span class='ocrx_word' id='word_1_243' title='bbox 855 3637 1019 3721; x_wconf 80' lang='lat' dir='ltr'>probarit,</span> <span class='ocrx_word' id='word_1_244' title='bbox 1051 3637 1103 3701; x_wconf 92' lang='lat' dir='ltr'>sed</span> <span class='ocrx_word' id='word_1_245' title='bbox 1134 3635 1331 3702; x_wconf 88' lang='lat' dir='ltr'>existimavit</span> <span class='ocrx_word' id='word_1_246' title='bbox 1353 3660 1412 3722; x_wconf 88' lang='lat' dir='ltr'>pro</span> 
     </span>
     <span class='ocr_line' id='line_1_33' title="bbox 288 3743 1411 3829; baseline -0.004 -15"><span class='ocrx_word' id='word_1_247' title='bbox 288 3753 389 3814; x_wconf 81' lang='lat' dir='ltr'>auimo</span> <span class='ocrx_word' id='word_1_248' title='bbox 424 3747 624 3813; x_wconf 86' lang='lat' dir='ltr'>scribendum</span> <span class='ocrx_word' id='word_1_249' title='bbox 660 3766 726 3810; x_wconf 90' lang='lat' dir='ltr'>esse</span> <span class='ocrx_word' id='word_1_250' title='bbox 761 3749 903 3811; x_wconf 74' lang='lat' dir='ltr'>onimium.</span> <span class='ocrx_word' id='word_1_251' title='bbox 955 3743 999 3808; x_wconf 86' lang='lat' dir='ltr'>Et</span> <span class='ocrx_word' id='word_1_252' title='bbox 1033 3745 1165 3829; x_wconf 89' lang='lat' dir='ltr'>ponitur</span> <span class='ocrx_word' id='word_1_253' title='bbox 1200 3745 1244 3808; x_wconf 89' lang='lat' dir='ltr'>sic</span> <span class='ocrx_word' id='word_1_254' title='bbox 1279 3747 1411 3810; x_wconf 88' lang='lat' dir='ltr'>verbum</span> 
     </span>
     <span class='ocr_line' id='line_1_34' title="bbox 287 3851 1105 3931; baseline -0.005 -11"><span class='ocrx_word' id='word_1_255' title='bbox 287 3854 470 3921; x_wconf 86' lang='lat' dir='ltr'>offirmandi</span> <span class='ocrx_word' id='word_1_256' title='bbox 493 3855 524 3917; x_wconf 85' lang='lat' dir='ltr'>vi</span> <span class='ocrx_word' id='word_1_257' title='bbox 548 3853 735 3920; x_wconf 84' lang='lat' dir='ltr'>transitiva:</span> <span class='ocrx_word' id='word_1_258' title='bbox 760 3851 831 3920; x_wconf 83' lang='lat' dir='ltr'>Ter.</span> <span class='ocrx_word' id='word_1_259' title='bbox 855 3852 956 3920; x_wconf 86' lang='lat' dir='ltr'>Haut.</span> <span class='ocrx_word' id='word_1_260' title='bbox 981 3851 1011 3916; x_wconf 89' lang='lat' dir='ltr'>V</span> <span class='ocrx_word' id='word_1_261' title='bbox 1036 3851 1105 3931; x_wconf 81' lang='lat'>5‚8:</span> 
     </span>
    </p>

    <p class='ocr_par' dir='ltr' id='par_1_7' title="bbox 287 3962 1196 4149">
     <span class='ocr_line' id='line_1_35' title="bbox 448 3962 1196 4046; baseline 0.003 -22"><span class='ocrx_word' id='word_1_262' title='bbox 448 3964 512 4045; x_wconf 70' lang='lat' dir='ltr'>Ape</span> <span class='ocrx_word' id='word_1_263' title='bbox 536 3983 662 4044; x_wconf 79' lang='lat' dir='ltr'>quaeso,</span> <span class='ocrx_word' id='word_1_264' title='bbox 685 3984 722 4026; x_wconf 82' lang='lat' dir='ltr'>nc</span> <span class='ocrx_word' id='word_1_265' title='bbox 746 3972 808 4026; x_wconf 81' lang='lat' dir='ltr'>tum</span> <span class='ocrx_word' id='word_1_266' title='bbox 833 3965 957 4046; x_wconf 80' lang='lat' dir='ltr'>offirma</span> <span class='ocrx_word' id='word_1_267' title='bbox 981 3971 1020 4040; x_wconf 81' lang='lat' dir='ltr'>te,</span> <span class='ocrx_word' id='word_1_268' title='bbox 1045 3962 1196 4026; x_wconf 76' lang='lat' dir='ltr'>Chremes.</span> 
     </span>
     <span class='ocr_line' id='line_1_36' title="bbox 287 4067 730 4149; baseline -0.007 -11"><span class='ocrx_word' id='word_1_269' title='bbox 287 4076 321 4138; x_wconf 84' lang='lat' dir='ltr'>et</span> <span class='ocrx_word' id='word_1_270' title='bbox 346 4071 452 4138; x_wconf 89' lang='lat' dir='ltr'>Plaut.</span> <span class='ocrx_word' id='word_1_271' title='bbox 477 4068 573 4136; x_wconf 87' lang='lat' dir='ltr'>Mero.</span> <span class='ocrx_word' id='word_1_272' title='bbox 597 4067 613 4134; x_wconf 94' lang='grc' dir='ltr'><strong>Ι</strong></span> <span class='ocrx_word' id='word_1_273' title='bbox 639 4070 730 4149; x_wconf 85' lang='lat'>1‚81:</span> 
     </span>
    </p>
   </div>
   <div class='ocr_carea' id='block_1_5' title="bbox 451 4181 920 4260">
    <p class='ocr_par' dir='ltr' id='par_1_8' title="bbox 451 4181 920 4260">
     <span class='ocr_line' id='line_1_37' title="bbox 451 4181 920 4260; baseline -0.011 -18"><span class='ocrx_word' id='word_1_274' title='bbox 451 4181 487 4243; x_wconf 86' lang='lat' dir='ltr'>Ut</span> <span class='ocrx_word' id='word_1_275' title='bbox 511 4181 644 4242; x_wconf 81' lang='lat' dir='ltr'>animum</span> <span class='ocrx_word' id='word_1_276' title='bbox 668 4181 790 4260; x_wconf 72' lang='lat' dir='ltr'>offirmo</span> <span class='ocrx_word' id='word_1_277' title='bbox 814 4198 920 4238; x_wconf 75' lang='lat' dir='ltr'>luerim.</span> 
     </span>
    </p>
   </div>
   <div class='ocr_carea' id='block_1_6' title="bbox 0 0 1626 4938">
    <p class='ocr_par' dir='ltr' id='par_1_9' title="bbox 0 0 1626 4938">
     <span class='ocr_line' id='line_1_38' title="bbox 0 0 1626 4938; baseline 0 0"><span class='ocrx_word' id='word_1_278' title='bbox 0 0 1626 4938; x_wconf 95' lang='lat' dir='ltr'> </span> 
     </span>
    </p>
   </div>
  </div>
 </body>
</html>
