3240 4938
759 310 802 373 42

219 491 398 575 complures
427 488 560 556 Tacitei.
606 487 643 552 In
673 486 832 553 Ciceronis
859 487 996 571 epistola
1025 486 1066 553 ad
1094 485 1240 552 Atticum
1271 487 1348 552 data

218 594 266 660 IX
281 596 354 673 13‚2
371 596 527 663 traditur:
552 617 737 680 qrraorquum
753 599 812 660 leae
828 599 899 659 mibi
915 599 1034 660 litterae
1052 597 1228 660 Dolabellae
1243 597 1347 658 tabeat

221 707 262 770 ad
283 709 435 787 pristinae
465 708 665 788 copitalioaes
688 707 814 781 reuerti,
844 704 896 767 sed
927 703 1064 768 editores
1087 703 1292 769 consentiunt
1315 703 1349 766 iu

220 813 340 880 edendo
364 813 544 878 accusativo
568 834 624 876 rae.
669 809 826 876 ATacito
850 811 980 876 iubendi
1003 813 1135 877 verbum
1151 833 1224 876 cum
1240 811 1350 875 dativo

220 920 372 1005 coniungi
396 920 481 985 inter
503 942 612 985 ornnes
635 921 772 984 constat.
807 917 921 983 Libere
944 918 1045 1004 igitur
1068 919 1285 1003 profitendum
1301 924 1350 983 est

221 1034 351 1112 praeter
373 1050 472 1091 unum
496 1028 588 1091 illum
613 1026 718 1092 locum
742 1025 1002 1104 Ciceronianum‚
1029 1027 1082 1110 qui
1107 1050 1126 1091 a
1148 1026 1226 1090 viris
1249 1026 1351 1091 doctis

222 1139 392 1220 corruptus
421 1135 574 1215 habetur,
604 1135 684 1200 nihil
714 1157 791 1212 esse,
822 1157 861 1198 ex
884 1156 947 1218 quo
970 1135 1102 1198 verbum
1126 1134 1255 1199 iubendi
1279 1155 1351 1198 eum

223 1239 331 1306 dativo
360 1243 564 1308 coniunctum
595 1242 717 1310 Catulli
747 1242 943 1326 temporibus
973 1242 1005 1305 in
1034 1263 1094 1306 usu
1122 1241 1219 1305 fuisse
1243 1241 1352 1327 colligi

223 1347 335 1432 possit.
380 1348 462 1413 Eum
496 1374 586 1417 usum
627 1357 737 1419 autem
768 1373 831 1415 non
863 1348 992 1414 omnino
1023 1350 1196 1415 abhorrere
1227 1350 1268 1414 ab
1302 1351 1352 1412 in-

223 1454 320 1543 genio
344 1456 473 1541 linguae
497 1458 632 1525 Latinae
656 1481 696 1524 ex
719 1459 830 1524 Tacito
854 1457 1081 1544 cognoscimus,
1128 1456 1244 1541 Itaque
1267 1456 1353 1522 haud

223 1563 289 1629 scio
313 1588 355 1630 an
380 1565 519 1631 hominis
543 1568 630 1633 cauti
654 1568 697 1632 sit
721 1568 918 1651 acquiescere
941 1566 975 1630 in
999 1566 1159 1650 scriptura
1183 1565 1320 1631 tradita:

386 1676 425 1738 Ar
448 1696 508 1740 troo
531 1679 609 1741 baec
632 1680 785 1762 quondam
809 1678 896 1740 nobie
916 1678 1072 1758 protulero
1095 1677 1205 1739 dedisti
1306 1717 1308 1720 -

391 1786 478 1866 Voce,
502 1789 673 1850 miliaco
696 1787 772 1849 baec
795 1788 943 1848 miserae
965 1805 1094 1866 sperare
1117 1785 1254 1847 iubebas.

226 1889 287 1967 Qui
311 1895 419 1956 autem
443 1893 503 1958 sibi
527 1895 716 1978 persuadere
732 1915 794 1958 non
810 1895 917 1976 potest
933 1890 1098 1957 Catullum
1113 1890 1210 1956 uerbo
1226 1889 1353 1956 iubendi

226 2000 274 2062 ita
313 2021 405 2063 usum
441 2021 522 2080 esse,
557 2001 584 2064 is
619 2001 724 2066 locum
759 2022 872 2066 sanare
901 2001 1038 2077 studeat,
1068 1998 1121 2063 sed
1151 2019 1215 2062 non
1241 1998 1290 2061 ita
1320 2001 1356 2061 ut

228 2106 346 2172 reiecto
370 2111 457 2174 trabis
479 2108 644 2192 praeierat
668 2112 792 2175 blanda.
828 2108 865 2173 Id
888 2107 975 2174 enirn
998 2105 1172 2171 tenendum
1194 2109 1243 2170 est
1267 2105 1357 2170 nullo

230 2213 322 2278 modo
347 2216 485 2298 perspici
508 2237 609 2300 posse,
634 2239 699 2300 qua
723 2219 849 2283 ratione
874 2220 962 2283 nobis
985 2237 1025 2280 ex
1048 2217 1164 2278 blanda
1187 2217 1294 2279 ortum
1313 2215 1356 2278 sit

228 2326 340 2386 contra
364 2325 479 2388 blando
508 2322 607 2388 videri
630 2346 697 2389 esse
724 2329 939 2390 commentum
968 2321 1104 2388 hominis
1131 2321 1217 2392 haud
1244 2321 1359 2416 stulti„

229 2429 348 2514 quiex
373 2431 481 2497 eadem
505 2432 665 2515 scriptura
690 2432 962 2517 proficiscebatur,
992 2431 1132 2514 quaein
1156 2429 1247 2494 libris
1272 2426 1359 2493 DLG

230 2536 378 2606 hebetur.

321 2647 443 2727 64373

390 2757 575 2834 Procedant,
599 2759 728 2821 leuiter
749 2767 860 2821 scaont
882 2761 1034 2840 plangore
1058 2757 1209 2820 coobinai.

323 2861 539 2928 Plurimorum
547 2863 857 2948 codicumscriptura
870 2867 976 2928 leuiter
987 2862 1359 2928 eorraalcontramelrum

233 2979 369 3056 pugnat,
393 2993 457 3036 non
480 2971 559 3036 item
583 2971 630 3051 id,
660 2972 801 3057 quadiu
825 2971 929 3037 codice
954 2970 981 3036 Ο
1005 2977 1038 3035 et
1061 2972 1094 3035 in
1118 2970 1262 3054 margine
1286 2965 1362 3032 libri

233 3078 258 3142 L
289 3082 395 3145 extat:
430 3085 594 3166 leuiterque
622 3093 748 3159 corruam
778 3103 874 3165 quam
904 3081 1096 3164 scripturam
1125 3072 1272 3141 nonnulli
1302 3072 1363 3136 viri

234 3187 319 3252 docti
348 3193 384 3252 ut
412 3191 585 3273 genuinam
614 3190 847 3257 commendant.
902 3187 1021 3254 Tamen
1051 3185 1177 3250 videbun
1205 3181 1363 3245 reicienda

234 3316 310 3360 esse.
363 3294 425 3360 Illo
464 3297 548 3361 enim
588 3299 656 3363 loco
695 3320 789 3382 quem
829 3297 960 3362 Ellisius
998 3293 1111 3360 laudat
1149 3313 1188 3356 ex
1226 3287 1363 3354 Senecae

235 3403 350 3488 Agara.
376 3403 456 3468 681:

396 3514 480 3576 Licet
504 3515 645 3596 alcyones
670 3515 769 3598 Ceyca
792 3536 880 3578 ercam

401 3623 506 3684 Flaolu
531 3624 637 3685 leuiter
657 3626 823 3705 plaapeate
844 3631 951 3687 surrent

239 3727 322 3793 nihil
357 3727 496 3793 efficitur
528 3729 589 3793 nisi
623 3729 720 3808 illud,
755 3731 789 3793 iu
824 3727 974 3794 adverbio
1009 3730 1114 3791 leuiter·
1148 3724 1249 3788 inesse
1277 3745 1367 3806 posse

238 3835 400 3900 notionem
434 3839 503 3904 soni
538 3839 707 3904 summissi.
766 3837 835 3902 Hoc
875 3838 983 3900 eutem
1016 3834 1083 3899 loco
1115 3854 1186 3898 curn
1219 3831 1366 3896 Catullus

238 3944 477 4012 substantivum
503 3952 652 4032 plangore
673 3946 826 4033 posuerit,
854 3966 917 4008 uon
938 3946 1143 4025 expectamus
1170 3937 1365 4012 adverbium,

240 4056 325 4137 quod
343 4054 437 4118 verbo
454 4057 588 4122 sonandi
605 4057 771 4134 adiciatur,
795 4053 848 4119 sed
866 4051 1055 4118 adiectivum
1073 4049 1191 4133 potius,
1214 4067 1276 4129 quo
1293 4044 1368 4107 sub-

241 4161 418 4226 stantivum
448 4165 597 4246 plaapore
630 4165 812 4231 definietur.
860 4161 964 4237 Quare
992 4179 1064 4223 curn
1091 4155 1171 4219 illud
1206 4157 1369 4234 leviterque

243 4291 306 4336 11011
323 4269 474 4347 sufficiat,
499 4275 560 4340 viri
583 4275 668 4339 docti
684 4273 747 4337 iam
764 4269 887 4356 pridem
904 4268 1008 4333 varias
1026 4264 1078 4329 sed
1096 4263 1181 4328 inter
1198 4283 1229 4325 se
1247 4259 1365 4326 similes
