3240 4938
778 278 817 344 12

234 459 326 522 vatos
355 477 422 521 esse
450 458 521 520 tum
550 459 678 521 tantum
708 461 793 522 recte
816 457 996 544 colligitur,
1027 457 1053 521 si
1077 459 1202 523 constat
1227 459 1300 522 libri
1326 457 1354 522 G

233 567 446 630 correctorem
487 586 526 628 ex
557 585 614 628 suo
647 565 775 649 ingenio
810 567 991 633 correxisse.
1049 565 1150 650 Atqui
1185 566 1268 631 inter
1303 589 1356 633 eas

233 672 459 751 correctiones,
494 694 577 757 quae
611 676 722 756 aperte
757 673 856 738 falsae
890 677 981 752 sunt,
1022 675 1195 739 nonnullae
1230 677 1355 754 extant,

233 800 369 864 quarum
393 781 484 866 origo
507 781 660 864 explicari
683 803 747 876 non
770 786 888 865 potest,
917 781 980 846 nisi
1003 786 1214 847 correctorem
1237 783 1355 847 librum

233 887 261 953 G
296 910 368 954 cum
404 887 467 953 alio
507 887 611 953 codice
650 910 849 973 comparasse
884 889 1013 974 eiusque
1047 890 1224 973 scripturas
1258 891 1292 956 in
1328 889 1356 955 G

233 996 378 1061 intulisse
406 997 565 1079 ponimus.
611 995 700 1074 Quod
730 1003 767 1062 ut
790 999 935 1084 exemplo
958 999 1167 1076 illustremus,
1197 1003 1356 1064 corrector

234 1103 355 1183 64,309
384 1108 457 1168 61116
485 1104 569 1188 quod
598 1127 708 1171 verum
737 1111 786 1170 est
814 1105 954 1171 mutavit
983 1105 1016 1169 in
1039 1109 1134 1181 oicle;
1161 1109 1239 1171 oicle
1262 1128 1355 1172 sensu

233 1233 356 1277 cassum
391 1216 424 1277 et
459 1217 570 1296 aperte
599 1218 784 1299 corruptum
816 1219 865 1278 est
893 1218 990 1296 atque
1018 1213 1171 1278 eiusmodi
1200 1217 1248 1278 est
1277 1214 1356 1280 baec

232 1320 429 1404 corruptela,
466 1323 503 1383 ut
532 1321 563 1387 id
592 1343 655 1386 non
686 1318 831 1386 consulto
861 1319 900 1383 ad
929 1321 1160 1387 emendandum
1190 1321 1355 1388 Catullum

232 1428 360 1506 fictum,
390 1428 444 1493 sed
472 1429 609 1514 simplici
638 1428 763 1493 librarii
791 1427 998 1493 describentis
1028 1451 1134 1494 errore
1158 1434 1265 1494 ortum
1289 1452 1355 1496 esse

232 1540 397 1620 appareat.
445 1534 537 1600 Unde
565 1536 731 1623 colligitur
757 1538 967 1600 correctorem
1002 1536 1077 1602 libri
1107 1536 1135 1602 G
1162 1539 1195 1603 id
1224 1561 1286 1603 non
1316 1561 1354 1604 ex

232 1666 289 1708 suo
319 1643 464 1728 ingenio,
500 1646 538 1706 ut
566 1642 779 1708 Baehrensius
809 1642 895 1720 uult,
931 1644 984 1708 sed
1014 1667 1052 1708 ex
1079 1645 1193 1724 codice,
1229 1645 1262 1708 iu
1292 1669 1354 1730 quo

231 1758 308 1818 oictc
337 1750 462 1817 librarii
493 1751 695 1838 neglegentia
724 1751 879 1834 scriptum
912 1755 997 1832 erat,
1032 1755 1211 1837 sumpsisse.
1266 1753 1355 1819 Idem

232 1860 316 1945 quod
340 1859 378 1924 de
402 1859 462 1924 boc
485 1858 554 1923 loco
578 1860 615 1925 de
634 1859 705 1922 aliis
722 1859 911 1942 quibusdam
929 1862 1176 1926 correctionibus
1192 1860 1355 1926 affirmare

232 1968 308 2034 licet
345 1967 459 2054 pluo
488 1970 543 2032 beo
577 1969 631 2031 tibi
664 1971 745 2033 sulse
780 1973 818 2034 611
854 1972 949 2035 obibit
988 1969 1064 2048 43‚8
1104 1980 1195 2052 alque
1234 1968 1355 2049 64355

229 2087 427 2160 prosternens
451 2077 570 2155 68,115
595 2086 727 2140 terretur
747 2079 786 2144 cf.
805 2077 985 2142 Bonnetum
1003 2076 1079 2155 16,5
1097 2081 1241 2154 mouenti,
1265 2076 1354 2164 alia),

230 2185 277 2249 ita
302 2187 339 2248 ut
362 2192 447 2249 certe
472 2187 597 2266 partem
622 2186 852 2282 correctionum
877 2186 1006 2248 illarum
1033 2187 1175 2248 statuere
1199 2184 1354 2265 possimus

231 2292 407 2375 scripturas
431 2310 497 2353 esse
522 2311 561 2352 ex
584 2289 647 2353 alio
672 2291 753 2354 libro
776 2293 808 2353 in
833 2291 969 2354 codicem
992 2288 1019 2353 G
1041 2289 1227 2354 translatas.
1247 2287 1352 2364 -Quou

231 2399 257 2462 si
281 2403 367 2463 recte
391 2397 577 2474 statuimus,
606 2396 669 2460 iarn
699 2401 805 2463 actum
834 2400 882 2460 est
910 2397 947 2461 de
972 2395 1158 2460 Baehrensii
1183 2396 1352 2475 sententia,

230 2530 294 2593 qua
317 2510 424 2571 censet
446 2504 656 2569 correctiones
681 2503 796 2570 libriG
823 2506 863 2570 ab
888 2506 956 2590 ipso
981 2503 1084 2568 scriba
1108 2525 1175 2569 esse
1195 2504 1353 2569 inventas·

230 2614 307 2690 Quis
341 2614 425 2678 enim
460 2612 594 2698 negabit
628 2611 698 2677 fieri
732 2635 837 2696 posse,
873 2617 911 2678 ut
939 2634 1046 2680 omnes
1075 2613 1288 2678 correctiones
1317 2635 1354 2678 ex

231 2722 340 2787 eodem
376 2722 459 2787 libro
494 2743 530 2786 ac
564 2741 639 2803 pars
667 2720 724 2785 illa
754 2723 968 2805 transcriptae
997 2721 1082 2784 siut‘?
1128 2719 1230 2785 Immo
1262 2721 1353 2785 valde

231 2829 396 2916 probabile
423 2832 473 2892 est
501 2828 532 2893 id
561 2829 610 2894 ita
637 2827 750 2906 fuisse,
780 2850 854 2892 nam
877 2850 971 2912 quem
996 2848 1119 2892 summa
1142 2827 1296 2915 religione
1320 2829 1352 2890 in

233 2936 484 3004 transcribendis
500 2935 691 3022 corruptelis
708 2935 756 2999 uti
771 2935 926 3014 videmus,
949 2935 1134 3020 putabimus
1151 2957 1222 2999 eum
1240 2957 1350 3000 ausum

230 3068 297 3112 esse
320 3047 422 3112 libero
447 3045 582 3113 arbitrio
606 3046 703 3112 verba
726 3049 841 3130 poetae
863 3046 1056 3110 immutare?

319 3154 388 3220 Iam
413 3157 453 3222 ad
476 3155 658 3221 Bonnetum
684 3155 785 3221 redire
809 3156 894 3221 licet.
941 3153 973 3217 ls
997 3152 1095 3231 idem,
1127 3150 1210 3236 quod
1236 3173 1291 3215 nos
1315 3173 1353 3215 ex

231 3264 374 3352 vestigiis
404 3263 594 3346 quibusdam
626 3265 752 3330 efficere
780 3263 974 3341 studuimus,
1004 3259 1152 3348 diligenti
1182 3260 1353 3325 titulorum

229 3368 306 3434 libri
341 3365 366 3432 G
402 3369 654 3435 consideratione
689 3371 869 3437 luculenter
904 3370 1136 3438 demonstravit
1170 3367 1291 3435 librum
1325 3366 1353 3433 G

230 3483 407 3544 correctum
436 3498 504 3558 esse
528 3476 646 3542 collato
670 3477 733 3542 alio
757 3479 849 3546 libro.
897 3479 992 3542 Hunc
1015 3478 1132 3541 librum
1156 3499 1281 3541 necesse
1305 3479 1353 3538 est

230 3583 368 3650 censoris
392 3606 523 3648 manum
547 3605 676 3668 passum
700 3605 775 3664 csse,
804 3590 973 3668 propterea
997 3583 1079 3665 quod
1104 3583 1135 3643 in
1161 3583 1187 3646 G
1213 3606 1231 3645 a
1255 3603 1352 3644 manu

231 3693 367 3757 secunda
383 3691 585 3757 coniecturae
606 3691 706 3755 falsae
722 3691 892 3768 habentur,
917 3690 1032 3771 quibus
1049 3685 1124 3751 610
1141 3695 1174 3753 61
1190 3686 1234 3752 G¹
1253 3692 1351 3753 caret.

231 3798 378 3865 Ceterum
410 3804 519 3863 utrum
549 3801 575 3863 is
604 3798 702 3863 fuerit
731 3796 939 3880 apographon
969 3794 1083 3861 codicis
1104 3795 1137 3861 V
1165 3819 1207 3861 an
1230 3796 1297 3881 ipse
1321 3792 1351 3857 V

230 3912 304 3992 post
338 3907 511 3989 descriptos
546 3905 573 3971 Ο
608 3908 641 3969 61
676 3903 702 3968 G
734 3904 775 3967 ab
814 3902 941 3967 bomine
981 3903 1073 3969 docto
1106 3909 1267 3972 correctus
1299 3904 1350 3982 sit,

229 4012 394 4080 Bonnetus
417 4013 450 4076 in
475 4014 570 4078 dubio
594 4011 726 4095 reliquit
749 4015 782 4076 et
801 4013 932 4094 poterat
953 4011 1142 4096 relinquere,
1167 4012 1250 4078 nihil
1267 4013 1350 4078 enim

230 4121 291 4187 hoc
313 4122 392 4188 facit
414 4123 454 4188 ad
477 4142 554 4188 rem.

320 4229 369 4295 Ex
390 4230 434 4296 eis
450 4250 533 4314 quae
549 4229 654 4295 adhuc
670 4228 903 4313 disputavimus
920 4230 997 4294 satis
1014 4233 1149 4314 apparet
1164 4228 1352 4296 Baehrensii
