3240 4938
780 305 822 368 34

238 487 333 552 huius
360 487 485 573 generis
513 508 583 551 cum
613 486 694 564 sint,
724 483 846 549 duobus
875 481 939 546 iam
967 483 1007 546 ab
1032 480 1189 566 Hauptio,
1221 481 1318 546 tertio
1342 505 1361 546 a

238 593 406 661 Schwabio
430 616 504 659 vera
528 593 689 677 scriptura
713 593 845 656 inventa
870 595 950 654 erat.

330 720 429 805 62‚63
552 801 554 808 Ι

403 856 507 918 Tertio
529 875 607 936 para
628 855 730 936 putri
753 853 859 949 dctnl,
886 871 979 934 porr
1001 852 1077 914 dcto
1100 853 1192 914 tertia
1215 851 1317 912 matri.

330 988 381 1055 Sic
405 988 630 1055 Lachmannus
653 986 781 1069 scripsit
805 989 931 1050 secutus
956 984 1148 1068 scripturam
1171 985 1311 1048 codicum
1333 981 1362 1045 D

239 1105 271 1165 et
294 1099 330 1178 L,
356 1098 543 1182 quibuscum
567 1095 595 1160 G
618 1093 789 1161 consentit.
834 1091 910 1158 Post
934 1078 1176 1158 Lachmannum
1201 1090 1364 1174 Hauptius

239 1207 277 1272 de
300 1207 361 1271 hoo
385 1227 477 1270 versu
502 1204 569 1292 egit
593 1205 625 1268 in
650 1205 774 1286 quaest.
792 1199 826 1266 Ο.
843 1224 874 1284 p.
893 1201 936 1266 30
961 1200 1025 1284 (op.
1051 1198 1114 1286 Ip.
1132 1201 1199 1286 22).
1235 1199 1267 1262 Is
1290 1221 1362 1263 cum

239 1312 361 1379 Catulli
389 1316 459 1378 arte
488 1312 656 1398 indignum
686 1314 829 1375 censeret
856 1330 996 1387 versum,
1026 1309 1082 1392 qui
1105 1308 1363 1392 interpunctione

240 1425 313 1506 post
346 1421 435 1505 pedis
470 1419 560 1484 tertii
597 1418 704 1484 thesin
740 1417 845 1500 posita
880 1417 913 1480 in
949 1417 1027 1482 duas
1061 1416 1237 1500 particulas
1271 1436 1364 1499 pares

240 1528 460 1607 dissecaretur‚
485 1550 524 1592 ex
548 1527 663 1591 codicis
688 1525 833 1592 Thoanei
858 1524 1031 1608 scriptura:

404 1645 508 1728 Tertia
531 1667 633 1746 putris
656 1684 734 1745 pars
758 1671 802 1726 est
827 1663 903 1725 dota
927 1663 1018 1724 tertia
1042 1663 1134 1722 matri

240 1797 501 1882 proficiscendum
526 1818 594 1862 esse
617 1799 707 1862 ratus
730 1797 776 1861 sic
798 1807 925 1860 versum·
948 1791 1173 1859 conformavit:

404 1926 506 1988 Tertio
528 1947 606 2007 pars
629 1925 753 2007 patrici,
776 1943 853 2004 pars
877 1931 920 1985 est
945 1923 1021 1984 doto
1045 1923 1136 1983 terlio
1159 1922 1261 1982 urani.

241 2031 286 2096 Et
309 2053 504 2116 quamquam
528 2031 560 2095 id
584 2031 699 2115 ipsum,
723 2031 806 2114 quod
829 2031 863 2095 iu
888 2028 1040 2094 Thuaneo
1063 2030 1162 2104 extat,
1187 2025 1283 2090 nihili
1306 2029 1365 2105 est,

239 2161 350 2205 versus
375 2143 493 2216 autem,
517 2159 611 2221 quem
636 2136 665 2200 D
690 2142 723 2204 et
746 2138 772 2202 L
796 2138 960 2213 exhibent,
984 2136 1092 2201 scandi
1116 2136 1232 2218 potest,
1255 2137 1364 2199 tamen

241 2247 309 2331 ipsc
333 2246 388 2310 ille
412 2266 542 2322 naevus,
567 2266 661 2327 quem
678 2244 841 2328 Hauptius
864 2244 898 2307 in
923 2265 959 2306 eo
983 2242 1220 2320 animadvertit,
1245 2240 1367 2306 indicat

243 2376 314 2420 eum
338 2374 403 2418 non
427 2375 445 2417 a
470 2350 599 2416 Catullo
621 2353 799 2437 profectum
823 2372 899 2431 esse,
928 2351 981 2415 sed
1004 2352 1149 2416 refictum
1174 2353 1214 2416 ab
1238 2349 1367 2415 homine

243 2462 393 2546 quodam,
424 2461 479 2545 qni
509 2459 615 2525 versui
638 2461 789 2525 mutilato
814 2481 886 2526 snos
909 2479 1055 2524 numeros
1079 2460 1210 2524 reddere
1234 2458 1367 2523 studuit.

242 2569 324 2634 Mire
360 2572 466 2634 antem
501 2567 667 2634 stabilitur
702 2570 762 2635 hoc
792 2568 942 2635 indicium
973 2567 1156 2633 testimonio
1185 2566 1300 2632 codicis
1330 2563 1368 2643 Ο,

242 2678 296 2762 qui
327 2681 359 2741 ct
388 2678 455 2760 ipse
484 2697 611 2740 versum
641 2679 826 2762 corruptum
857 2675 910 2739 sed
940 2677 1004 2740 alia
1031 2677 1157 2741 ratione
1181 2677 1367 2758 corruptum

243 2783 383 2851 exhibet.
422 2781 530 2847 Facile
554 2784 639 2848 enim
662 2784 875 2869 cognoscitur,
900 2805 964 2867 qna
988 2783 1111 2848 ratione
1135 2784 1312 2867 scripturae
1336 2785 1368 2844 et

244 2892 340 2956 huius
363 2890 454 2955 libri:

405 3019 506 3082 Tertia
530 3038 607 3099 pars
630 3023 714 3100 patri
738 3028 781 3083 cst
805 3021 881 3083 dcta
905 3021 998 3082 tertia
1021 3023 1114 3082 neutri

243 3147 276 3209 et
299 3143 413 3209 codicis
438 3143 597 3210 Thuaneit

407 3270 511 3333 Tertia
533 3275 635 3351 putria
657 3292 735 3353 pars
758 3280 802 3336 ert
826 3274 902 3334 dcta
926 3273 1018 3334 terlio
1040 3273 1134 3334 rrrotri

244 3398 283 3440 ex
317 3397 353 3439 co
388 3375 465 3440 oriri
495 3377 674 3458 potuerint,
711 3377 794 3460 quod
820 3375 984 3442 Catullum
1014 3377 1176 3461 scripsisse
1206 3375 1369 3460 Hauptius

243 3485 439 3567 suspicatur:

407 3612 510 3675 Tertia
531 3632 610 3693 pars
632 3613 717 3692 patri
742 3620 796 3688 cst,
819 3633 897 3694 pure
922 3623 965 3676 est
990 3615 1066 3677 data
1089 3615 1181 3676 lertio
1204 3615 1307 3675 motat.

244 3716 290 3782 Eo
319 3719 417 3798 enirn,
448 3717 531 3804 quod
561 3718 682 3783 scribae
711 3720 821 3784 oculus
844 3743 862 3784 a
886 3721 992 3805 priore
1021 3731 1065 3786 est
1094 3718 1134 3784 ud
1164 3721 1300 3784 alterum
1325 3730 1370 3784 est

244 3827 421 3907 aberravit,
452 3832 559 3893 ortum
588 3832 636 3893 est
665 3827 711 3906 id,
742 3831 825 3911 quod
854 3830 886 3894 in
917 3824 944 3890 Ο
974 3829 1080 3904 extat,
1116 3826 1199 3910 quod
1228 3827 1310 3890 idem
1334 3828 1369 3891 in

244 3933 394 4000 Vfuisse
424 3941 457 3999 et
485 3934 671 4002 correctoris
701 3936 788 4002 illins
823 3935 948 4001 metrici
984 3955 1113 4000 manum
1144 3956 1273 4019 passum
1302 3957 1369 3999 esse

243 4063 360 4125 ponere
389 4043 545 4108 debemus.
594 4042 738 4109 Thuanci
770 4046 930 4130 scriptura
958 4044 1003 4108 sic
1032 4048 1104 4107 crta
1134 4047 1196 4121 est,
1228 4046 1266 4107 nt
1292 4065 1370 4126 pars

244 4153 319 4214 ante
342 4155 428 4232 patri
450 4150 663 4230 omitteretur,
688 4150 782 4216 simul
807 4153 915 4214 autem
932 4173 971 4216 ex
989 4155 1074 4235 putri
1090 4161 1134 4216 est
1151 4150 1242 4215 fieret
1256 4156 1367 4233 putris.

244 4257 387 4323 Priorem
422 4257 522 4344 igitur
557 4279 665 4323 versus
690 4264 816 4344 partem
851 4263 936 4324 recte
971 4260 1111 4324 servavit
1147 4258 1191 4337 Ο,
1229 4259 1365 4324 alteram
