3240 4938
764 342 807 408 44

222 519 345 585 fautrix
381 519 444 584 fnit
483 524 516 585 et
551 522 644 587 valde
679 521 790 584 dubito
826 543 867 585 an
902 519 1112 605 probabiliter
1142 521 1218 605 poni
1248 521 1350 604 possit

223 627 387 692 Catullum
416 649 455 692 ex
484 651 540 694 suo
565 627 695 714 ingenio
719 627 941 712 Amphitriten
968 628 1157 693 adiutricem
1181 627 1347 696 addidisse.

187 816 190 824 Ι
222 733 322 800 Poeta
346 735 432 799 enim
452 737 520 820 ipse
535 735 689 800 Nereides
706 757 819 800 navem
836 734 1101 821 Argonautarum
1118 738 1154 799 ut
1169 737 1348 799 monstrum

222 842 404 908 inauditum
433 843 628 909 admirantes
657 843 743 907 infra
779 843 812 906 in
848 865 877 910 v.
911 842 951 907 15
987 842 1123 920 inducit3
1150 841 1349 924 Amphitrite

223 953 332 1014 autem
361 951 431 1033 ipsa
460 954 509 1014 est
539 972 603 1014 una
626 948 810 1014 Nereidum.
857 950 966 1034 Atque
989 952 1016 1015 si
1039 951 1099 1016 hoc
1123 948 1347 1035 aliquomodo

222 1057 296 1122 inde
320 1059 463 1123 excusari
485 1057 597 1141 possit,
622 1059 707 1142 quod
731 1057 952 1141 Amphitriten
978 1081 1111 1124 uxorem
1136 1059 1245 1142 magni
1262 1055 1349 1140 Nep-

223 1165 294 1230 tuni
317 1168 413 1249 poeta
437 1189 455 1230 a
479 1167 593 1231 ceteris
610 1165 799 1232 Nereidibus
824 1167 999 1232 seiunctam
1025 1189 1091 1232 esse
1115 1167 1222 1252 fingit,
1248 1168 1349 1230 restat

224 1273 321 1339 aliud.
367 1272 477 1348 Qualis
502 1274 630 1339 tandem
658 1297 695 1339 ea
718 1295 815 1357 opera
839 1277 904 1353 est,
935 1296 999 1357 qua
1022 1273 1222 1359 Amphitrite
1245 1273 1350 1360 Argo·

223 1385 338 1446 nautas
366 1381 522 1447 adiurati
568 1381 691 1447 Navem
714 1404 824 1447 eorum
847 1403 974 1446 currere
1001 1382 1101 1447 docet.
1148 1382 1218 1457 Qua
1241 1386 1349 1446 autem

223 1512 257 1553 re
285 1489 416 1555 Ellisius
452 1493 485 1554 et
514 1489 728 1556 Baehrensins
763 1494 892 1574 poetam
923 1489 1095 1554 adductum
1123 1511 1190 1554 esse
1220 1491 1347 1574 putant,

224 1601 261 1662 nt
284 1599 422 1683 fingeret
446 1621 559 1663 navem
584 1619 687 1682 nuper
711 1597 913 1664 aedificatam
928 1617 1020 1662 cursu
1038 1596 1242 1663 imbuendam
1259 1599 1350 1662 esse?

223 1704 415 1790 Propterea,
446 1709 483 1771 ut
513 1705 654 1788 videtur,
690 1705 774 1791 quod
797 1705 1062 1790 Argonautarum
1092 1705 1182 1771 navis
1206 1704 1349 1771 omnium

222 1813 328 1898 prima
356 1813 453 1880 fuisse
484 1815 597 1881 fertur.
644 1813 708 1880 Sed
733 1814 766 1879 id
794 1836 851 1879 nos
879 1835 918 1877 ex
942 1811 1062 1878 Catulli
1090 1813 1233 1878 versibus
1256 1835 1349 1897 prae·

223 1921 409 1988 cedentibus
439 1923 579 1988 nondum
609 1922 776 1989 didicimus
804 1943 907 2006 neque
939 1921 1066 1986 omnino
1089 1921 1194 2005 prima
1217 1919 1307 1986 navis
1331 1945 1349 1986 a

223 2029 369 2095 Minerva
393 2035 577 2097 constructa
601 2031 704 2117 magis
727 2031 787 2096 tali
810 2030 977 2116 disciplina
1001 2030 1116 2114 egebat
1132 2051 1229 2113 quam
1252 2050 1349 2112 quae·

222 2139 304 2204 libet
337 2141 450 2223 postea
489 2139 655 2205 hominum
695 2139 840 2205 manibus
878 2138 975 2206 facta.
1037 2139 1114 2217 Quis
1152 2137 1253 2222 igitur
1291 2135 1349 2200 has

224 2267 350 2310 currere
366 2247 480 2312 docet?
514 2244 671 2330 Apparet,
689 2269 791 2330 spero,
815 2245 1018 2326 sententiam,
1043 2267 1125 2329 quae
1140 2246 1175 2310 in
1190 2244 1350 2329 scriptura

223 2355 265 2420 ab
288 2352 401 2418 Ellisio
430 2359 463 2419 et
486 2353 681 2419 Baehrensio
709 2355 846 2438 probata
872 2354 974 2431 inest,
1003 2355 1081 2418 satis
1105 2353 1219 2418 miram
1243 2355 1276 2417 et
1299 2352 1348 2415 in-

223 2463 410 2528 concinnam
441 2484 518 2526 esse.
571 2460 641 2526 Iam
677 2461 908 2527 consideremus
941 2461 1135 2546 scripturam
1167 2460 1348 2526 Lachman-

224 2571 371 2635 nianam:

383 2682 444 2744 lita
467 2683 575 2744 rudem
599 2702 691 2745 cursu
713 2683 817 2764 primo
840 2682 946 2744 imbuit
971 2681 1183 2763 Amphitriten.

224 2789 406 2869 Amphitrite
441 2788 553 2873 regina
586 2787 685 2851 maris
714 2788 819 2872 figura
847 2787 904 2852 illa
933 2809 1030 2871 quam
1057 2787 1203 2852 rhetores
1233 2789 1349 2850 vocant

222 2894 451 2978 metonymiam
474 2896 580 2979 posita
605 2898 653 2959 est
676 2917 734 2979 pro
758 2895 827 2978 ipso
850 2895 941 2972 mari,
965 2897 1002 2957 ut
1018 2894 1096 2960 haec
1112 2894 1156 2960 sit
1172 2893 1347 2958 sententia:

222 3003 280 3067 illa
303 3001 408 3086 prima
432 3027 520 3070 mare
544 3004 622 3069 rude
638 3025 732 3068 eursu
749 3003 875 3082 imbuit,
900 3002 960 3068 hoe
975 3007 1038 3067 est:
1062 3001 1120 3068 illa
1136 3003 1241 3088 prima
1256 3004 1348 3067 vecta

222 3115 271 3177 est
299 3134 356 3197 per
380 3113 477 3178 maris
511 3115 628 3194 undas,
660 3133 742 3197 quac
771 3111 876 3177 adhuc
899 3113 1022 3178 nnllam
1046 3134 1159 3178 navem
1184 3112 1354 3177 vexerant·

224 3218 382 3285 Similiter
398 3219 549 3286 Valerius
574 3219 705 3285 Flaccus
729 3220 807 3286 dicit
829 3223 964 3286 imbuere
987 3230 1238 3286 terruaroomcrc
1256 3219 1346 3284 169:

435 3331 567 3410 equares
592 3328 712 3393 Cereris
736 3333 788 3412 qui
810 3350 932 3394 comere
955 3338 1056 3394 terroe

383 3437 503 3500 imbuit.

223 3543 294 3609 iam
328 3541 467 3626 primum
502 3543 639 3625 apparet
668 3540 889 3627 Amphitriten
919 3545 963 3609 sic
991 3566 1056 3609 non
1084 3564 1150 3608 esse
1179 3542 1348 3607 fautricem

223 3651 486 3738 Argonautarum
515 3670 617 3732 neque
648 3648 811 3716 Catullum
843 3677 861 3717 a
890 3653 1000 3719 fabula
1029 3651 1150 3717 tradita
1174 3651 1346 3716 deflexisse.

224 3759 307 3824 Tum
332 3758 435 3822 verbis
459 3756 565 3842 planis
595 3756 713 3822 dieitur
741 3759 783 3838 id,
812 3760 896 3844 quod
920 3761 953 3825 in
977 3761 1164 3826 Baehrensii
1188 3759 1348 3842 scriptura

224 3865 490 3944 desiderabamus,
514 3864 604 3951 Argo
629 3888 742 3932 navem
765 3870 905 3932 omnium
931 3869 1060 3934 navium
1081 3869 1218 3952 primam
1235 3865 1347 3942 fuisse3

223 3973 255 4038 id
279 3974 388 4036 autem
410 3973 471 4038 hoc
495 3974 563 4039 loco
587 3974 649 4039 dici
672 3996 709 4040 eo
732 3977 835 4061 magis
851 3978 1031 4060 oportebat,
1055 3975 1138 4059 quod
1155 3976 1189 4040 in
1206 3974 1348 4038 versibus

224 4081 429 4164 sequentibus
464 4082 625 4165 nymphae
659 4084 802 4150 marinae
832 4088 1009 4149 monstrum
1037 4084 1217 4150 inauditum
1245 4081 1348 4147 admi-

224 4192 332 4254 rantes
372 4189 576 4256 inducuntur.
638 4190 783 4276 Denique
820 4192 904 4276 qnod
943 4215 1007 4257 non
1042 4192 1253 4277 spernendum
1289 4192 1347 4266 est,

223 4297 353 4382 planam
383 4299 416 4361 et
446 4297 633 4362 concinnam
661 4300 855 4364 sententiam
885 4301 929 4365 sic
952 4300 1164 4364 nanciscimur
1188 4320 1251 4365 non
1274 4321 1344 4366 mu-
