3240 4938
793 279 837 346 45

252 465 360 528 tontes
399 463 545 528 voculam
579 465 647 541 illa,
687 481 769 544 quae
804 482 997 544 quamquam
1035 460 1213 544 suspicione
1248 460 1379 526 carebat

253 569 446 636 Baehrensio
475 569 635 635 mutanda
670 572 750 634 erat.
810 571 943 633 Proram
978 571 1086 633 autem
1122 568 1309 652 putabimus
1338 570 1379 636 ab

252 679 360 744 eodem
390 682 583 760 correctore,
614 699 708 761 quem
738 678 802 742 iam
831 676 958 761 saepius
987 675 1020 740 in
1045 673 1072 740 Ο
1101 675 1379 760 deprehendimus,

252 777 400 852 effectum
428 808 495 852 esse
523 808 562 851 ex
590 788 742 868 corrupto
774 788 922 867 primum3
958 782 1175 850 nominativus
1200 786 1381 867 Amphitrite

252 892 393 960 dubitari
416 899 523 978 potest
546 899 654 959 utrum
680 892 721 957 ab
744 892 851 957 eodem
876 891 1039 977 profectus
1064 914 1107 956 an
1131 890 1195 955 iam
1216 897 1292 958 ante
1308 916 1381 960 eum

252 1003 374 1067 soribae
402 1000 612 1066 describentis
641 1021 748 1066 errore
776 999 893 1065 lineola
921 1021 1016 1084 snper
1043 1023 1059 1064 e
1083 1000 1199 1066 omissa
1224 1022 1263 1065 ex
1287 1024 1381 1068 aeau-

255 1109 358 1174 rativo
382 1110 584 1191 Amphitriten
607 1111 697 1172 ortus
720 1108 773 1172 sit.

346 1216 445 1295 64,15

344 1323 439 1389 Hune
462 1344 589 1388 versum
612 1321 657 1387 sie
680 1346 699 1388 a
724 1320 852 1388 Catullo
875 1321 1048 1403 seriptum:

413 1434 592 1517 Aequoreue
615 1442 780 1496 monstrum
806 1432 952 1494 Nereides
976 1432 1166 1496 admirantes

252 1538 373 1605 codices
398 1544 527 1626 praeter
555 1536 582 1603 Ο
607 1544 692 1604 reete
716 1540 886 1616 exhibent3
915 1541 1027 1604 eontra
1050 1537 1078 1603 0
1106 1539 1206 1606 babet
1229 1542 1262 1606 iu
1287 1565 1380 1609 versu

412 1650 539 1730 Equore
563 1659 729 1712 monstrum
755 1649 900 1711 Nereides
923 1648 1112 1712 admirantes

252 1759 285 1820 et
314 1755 346 1818 in
377 1755 522 1842 margine
551 1755 750 1839 adscriptum
781 1760 830 1819 est
859 1757 891 1819 at
913 1764 1125 1819 monstrorum.
1176 1759 1380 1824 Monstrorum

251 1862 480 1947 interpolatori
509 1861 715 1926 tribuendum
740 1866 802 1940 est,
832 1884 918 1939 oum,
948 1883 1140 1946 quamquam
1165 1862 1261 1928 verba
1285 1885 1379 1929 sensu

253 1975 376 2049 carent,
403 1974 511 2035 tamen
536 1970 683 2034 mutandi
698 1970 869 2036 eonsilium
884 1992 923 2035 ex
939 1970 1079 2035 numeris
1096 1991 1204 2035 versus
1221 1972 1381 2039 restitutis

252 2081 481 2166 cognoscamur
517 2078 554 2142 de
589 2077 677 2142 euius
706 2080 832 2162 generis
861 2078 1164 2161 interpolationibus
1194 2076 1319 2162 egimus
1348 2078 1383 2144 in
1460 2089 1464 2097 '

251 2188 358 2278 ppiore
394 2189 487 2270 parte
511 2187 550 2251 ad
576 2185 660 2263 73‚3.
681 2187 711 2252 4.
736 2186 775 2253 ef.
799 2209 832 2270 p.
856 2185 887 2251 5.
925 2185 987 2251 Sed
1014 2186 1157 2251 dubitari
1186 2190 1306 2270 potest,
1340 2209 1382 2253 an

253 2307 455 2361 monstrorum
479 2294 521 2360 ab
544 2294 653 2359 eodem
676 2299 853 2360 correctore
869 2294 1049 2378 profectum
1066 2295 1118 2374 sit,
1143 2317 1240 2379 quem
1257 2295 1382 2373 61,106

254 2406 337 2468 teuta
359 2405 415 2467 red
438 2405 470 2466 et
495 2403 617 2480 outae
642 2406 757 2469 btuudu
781 2402 1011 2490 excogitavisse
1035 2402 1181 2469 vidimus.

343 2509 495 2574 Dubitari
519 2515 636 2594 potest,
661 2534 738 2576 num
761 2511 824 2575 hue
848 2511 1011 2595 pertineat
1035 2509 1133 2575 etiam
1156 2512 1250 2590 ota:

419 2619 483 2681 Uno
506 2620 537 2681 iu
561 2620 690 2683 tectulo
714 2621 858 2682 erudituli
881 2621 980 2683 ambo.

255 2721 306 2788 Sia
334 2721 534 2790 Lachmanni
563 2725 684 2791 codices
714 2731 747 2792 et
776 2723 804 2790 G
833 2747 958 2791 versum
992 2724 1154 2794 exhibent.
1206 2725 1254 2790 De
1278 2725 1382 2805 hiatu,

253 2833 309 2916 qui
333 2831 491 2896 neminem
515 2835 599 2899 male
622 2835 740 2902 habere
764 2835 869 2913 debet,
895 2831 1041 2898 conferas
1064 2833 1100 2898 L.
1125 2831 1272 2901 Mueller.
1294 2835 1332 2900 de
1356 2857 1383 2904 r.

253 2963 294 3008 m.
310 2964 342 3026 p.
360 2940 424 3006 307
449 2962 509 3026 sq.;
534 2943 619 3026 apud
635 2942 805 3011 Catullum
830 2941 892 3006 duo
916 2944 1084 3024 praeterea
1099 2941 1236 3008 eiusdem
1258 2944 1384 3028 generis

254 3053 381 3128 extant,
406 3049 501 3131 97‚1:

417 3160 487 3222 Nea
509 3161 555 3223 itu
570 3179 618 3222 me
641 3159 676 3222 di
702 3169 814 3237 emeat,
838 3159 1001 3241 quicquum
1023 3159 1144 3238 referre
1163 3162 1273 3241 putaui

256 3267 290 3329 et
313 3261 408 3342 55‚4:

416 3373 456 3438 Te
479 3376 511 3438 ia
535 3375 628 3451 circo,
652 3374 683 3437 ti
703 3376 735 3436 ia
759 3374 897 3437 omuibus
919 3375 1035 3439 ttaettts.

254 3479 298 3545 Et
321 3483 451 3564 poterat
474 3478 506 3544 id
530 3481 613 3566 quod
637 3479 665 3545 0
688 3479 787 3546 habet

422 3591 487 3656 Uno
510 3593 543 3655 ia
566 3592 730 3654 teotieuto
754 3592 897 3653 erudituli
921 3591 1010 3655 ambo

254 3695 329 3761 inde
353 3696 441 3778 oriri,
465 3698 550 3784 quod
574 3701 734 3766 corrector
757 3697 884 3762 hiatum
908 3697 1132 3763 removendum
1157 3717 1223 3762 esse
1243 3702 1384 3783 putaret.

255 3801 327 3867 Non
355 3810 404 3869 est
427 3805 538 3893 igitur,
563 3829 619 3873 eur
643 3810 751 3873 tectulo
775 3809 961 3891 corruptum
985 3827 1052 3870 esse
1074 3804 1226 3871 dieamus.
1274 3804 1386 3891 Neque

254 3934 333 3978 vero
363 3933 433 3978 eam
462 3915 655 3998 scripturam
685 3937 794 3980 veram
822 3936 888 3979 esse
912 3916 1035 3979 eertum
1060 3919 1118 3981 est.
1164 3913 1247 3980 Nam
1271 3937 1386 3999 quam-

253 4042 350 4104 quam
376 4043 493 4086 nomen
514 4025 669 4087 teetieutus
686 4044 843 4106 nusquam
860 4023 939 4087 alibi
954 4022 1104 4101 occurrit,
1129 4025 1236 4087 tamen
1254 4022 1386 4088 dubium

255 4151 318 4193 non
344 4133 403 4211 est,
434 4130 513 4215 quin
537 4131 707 4196 seeundum
732 4131 860 4216 regulas
883 4131 1037 4197 sermonis
1060 4129 1168 4196 Latini
1192 4129 1224 4194 id
1247 4130 1387 4196 formare

255 4236 396 4315 licuerit3
421 4244 454 4304 et
477 4243 591 4305 notum
614 4241 663 4303 est
687 4237 852 4303 Catullum
877 4238 1039 4305 adamasse
1056 4240 1218 4306 ¹voeabula
1242 4239 1387 4303 deminu-
