<?xml version="1.0" encoding="UTF-8"?>
<!DOCTYPE html PUBLIC "-//W3C//DTD XHTML 1.0 Transitional//EN"
    "http://www.w3.org/TR/xhtml1/DTD/xhtml1-transitional.dtd">
<html xmlns="http://www.w3.org/1999/xhtml" xml:lang="en" lang="en">
 <head>
  <title>
</title>
<meta http-equiv="Content-Type" content="text/html;charset=utf-8" />
  <meta name='ocr-system' content='tesseract 3.04.00' />
  <meta name='ocr-capabilities' content='ocr_page ocr_carea ocr_par ocr_line ocrx_word'/>
</head>
<body>
  <div class='ocr_page' id='page_1' title='image "./derecensendisca00sydogoog_0046.png"; bbox 0 0 3240 4938; ppageno 0'>
   <div class='ocr_carea' id='block_1_1' title="bbox 811 371 851 435">
    <p class='ocr_par' dir='ltr' id='par_1_1' title="bbox 811 371 851 435">
     <span class='ocr_line' id='line_1_1' title="bbox 811 371 851 435; baseline 0.025 -1"><span class='ocrx_word' id='word_1_1' title='bbox 811 371 851 435; x_wconf 84' lang='grc'>37</span> 
     </span>
    </p>
   </div>
   <div class='ocr_carea' id='block_1_2' title="bbox 273 547 1397 634">
    <p class='ocr_par' dir='ltr' id='par_1_2' title="bbox 273 547 1397 634">
     <span class='ocr_line' id='line_1_2' title="bbox 273 547 1397 634; baseline 0 -21"><span class='ocrx_word' id='word_1_2' title='bbox 273 547 479 613; x_wconf 88' lang='lat' dir='ltr'>coniunctum</span> <span class='ocrx_word' id='word_1_3' title='bbox 503 569 573 611; x_wconf 90' lang='lat' dir='ltr'>cum</span> <span class='ocrx_word' id='word_1_4' title='bbox 597 547 748 632; x_wconf 83' lang='lat' dir='ltr'>genetivo</span> <span class='ocrx_word' id='word_1_5' title='bbox 765 553 834 632; x_wconf 76' lang='lat' dir='ltr'>apri</span> <span class='ocrx_word' id='word_1_6' title='bbox 849 571 904 614; x_wconf 89' lang='lat' dir='ltr'>seu</span> <span class='ocrx_word' id='word_1_7' title='bbox 921 547 988 612; x_wconf 83' lang='lat' dir='ltr'>sine</span> <span class='ocrx_word' id='word_1_8' title='bbox 1004 548 1066 614; x_wconf 90' lang='lat' dir='ltr'>tali</span> <span class='ocrx_word' id='word_1_9' title='bbox 1081 548 1231 633; x_wconf 80' lang='lat' dir='ltr'>genetivo</span> <span class='ocrx_word' id='word_1_10' title='bbox 1247 549 1397 634; x_wconf 90' lang='lat' dir='ltr'>positum.</span> 
     </span>
    </p>
   </div>
   <div class='ocr_carea' id='block_1_3' title="bbox 148 655 1398 741">
    <p class='ocr_par' dir='ltr' id='par_1_3' title="bbox 148 655 1398 741">
     <span class='ocr_line' id='line_1_3' title="bbox 148 655 1398 741; baseline 0.002 -21"><span class='ocrx_word' id='word_1_11' title='bbox 148 667 152 670; x_wconf 80' lang='grc'><strong>’</strong></span> <span class='ocrx_word' id='word_1_12' title='bbox 272 655 453 739; x_wconf 88' lang='lat' dir='ltr'>Utrumque</span> <span class='ocrx_word' id='word_1_13' title='bbox 488 655 589 741; x_wconf 84' lang='lat' dir='ltr'>igitur</span> <span class='ocrx_word' id='word_1_14' title='bbox 619 661 652 719; x_wconf 90' lang='lat' dir='ltr'>et</span> <span class='ocrx_word' id='word_1_15' title='bbox 681 659 778 720; x_wconf 76' lang='lat' dir='ltr'>cultor</span> <span class='ocrx_word' id='word_1_16' title='bbox 806 659 839 721; x_wconf 89' lang='lat' dir='ltr'>ct</span> <span class='ocrx_word' id='word_1_17' title='bbox 867 679 983 721; x_wconf 81' lang='lat' dir='ltr'>mersor</span> <span class='ocrx_word' id='word_1_18' title='bbox 1010 657 1097 722; x_wconf 92' lang='lat' dir='ltr'>haud</span> <span class='ocrx_word' id='word_1_19' title='bbox 1121 655 1216 722; x_wconf 91' lang='lat' dir='ltr'>dubie</span> <span class='ocrx_word' id='word_1_20' title='bbox 1239 679 1315 722; x_wconf 89' lang='lat' dir='ltr'>sanc</span> <span class='ocrx_word' id='word_1_21' title='bbox 1338 656 1398 722; x_wconf 93' lang='lat' dir='ltr'>hoc</span> 
     </span>
    </p>
   </div>
   <div class='ocr_carea' id='block_1_4' title="bbox 267 761 1399 3875">
    <p class='ocr_par' dir='ltr' id='par_1_4' title="bbox 271 761 1399 2577">
     <span class='ocr_line' id='line_1_4' title="bbox 273 761 1398 849; baseline 0.004 -23"><span class='ocrx_word' id='word_1_22' title='bbox 273 764 343 828; x_wconf 88' lang='lat' dir='ltr'>loco</span> <span class='ocrx_word' id='word_1_23' title='bbox 366 761 429 828; x_wconf 88' lang='lat' dir='ltr'>dici</span> <span class='ocrx_word' id='word_1_24' title='bbox 451 766 575 848; x_wconf 82' lang='lat' dir='ltr'>potest3</span> <span class='ocrx_word' id='word_1_25' title='bbox 600 763 652 827; x_wconf 86' lang='lat' dir='ltr'>sed</span> <span class='ocrx_word' id='word_1_26' title='bbox 677 763 702 827; x_wconf 90' lang='lat' dir='ltr'>si</span> <span class='ocrx_word' id='word_1_27' title='bbox 727 763 759 828; x_wconf 89' lang='lat' dir='ltr'>id</span> <span class='ocrx_word' id='word_1_28' title='bbox 783 766 973 849; x_wconf 76' lang='lat' dir='ltr'><strong>spectamus,</strong></span> <span class='ocrx_word' id='word_1_29' title='bbox 997 768 1035 828; x_wconf 89' lang='lat' dir='ltr'>ut</span> <span class='ocrx_word' id='word_1_30' title='bbox 1059 765 1148 848; x_wconf 85' lang='lat' dir='ltr'>origo</span> <span class='ocrx_word' id='word_1_31' title='bbox 1165 764 1398 849; x_wconf 79' lang='lat' dir='ltr'>discrepantiae</span> 
     </span>
     <span class='ocr_line' id='line_1_5' title="bbox 272 871 1399 958; baseline 0.001 -22"><span class='ocrx_word' id='word_1_32' title='bbox 272 871 423 954; x_wconf 80' lang='lat' dir='ltr'>patefiat,</span> <span class='ocrx_word' id='word_1_33' title='bbox 454 875 553 936; x_wconf 83' lang='lat' dir='ltr'>cultor</span> <span class='ocrx_word' id='word_1_34' title='bbox 582 871 673 936; x_wconf 88' lang='lat' dir='ltr'>uobis</span> <span class='ocrx_word' id='word_1_35' title='bbox 701 872 945 956; x_wconf 88' lang='lat' dir='ltr'>praeferendum</span> <span class='ocrx_word' id='word_1_36' title='bbox 975 876 1033 952; x_wconf 80' lang='lat' dir='ltr'>est,</span> <span class='ocrx_word' id='word_1_37' title='bbox 1064 873 1147 958; x_wconf 88' lang='lat' dir='ltr'>quod</span> <span class='ocrx_word' id='word_1_38' title='bbox 1176 894 1242 938; x_wconf 90' lang='lat' dir='ltr'>nau</span> <span class='ocrx_word' id='word_1_39' title='bbox 1271 873 1399 937; x_wconf 86' lang='lat' dir='ltr'>videtur</span> 
     </span>
     <span class='ocr_line' id='line_1_6' title="bbox 276 979 1398 1066; baseline 0.001 -22"><span class='ocrx_word' id='word_1_40' title='bbox 276 980 316 1044; x_wconf 86' lang='lat' dir='ltr'>ab</span> <span class='ocrx_word' id='word_1_41' title='bbox 344 979 577 1063; x_wconf 77' lang='lat' dir='ltr'>interpolatore</span> <span class='ocrx_word' id='word_1_42' title='bbox 605 979 782 1063; x_wconf 87' lang='lat' dir='ltr'>profectum</span> <span class='ocrx_word' id='word_1_43' title='bbox 813 1002 894 1058; x_wconf 83' lang='lat' dir='ltr'>csse3</span> <span class='ocrx_word' id='word_1_44' title='bbox 924 1003 999 1046; x_wconf 89' lang='lat' dir='ltr'>nam</span> <span class='ocrx_word' id='word_1_45' title='bbox 1027 981 1055 1046; x_wconf 88' lang='lat' dir='ltr'>si</span> <span class='ocrx_word' id='word_1_46' title='bbox 1082 981 1154 1066; x_wconf 90' lang='lat' dir='ltr'>quis</span> <span class='ocrx_word' id='word_1_47' title='bbox 1177 981 1210 1046; x_wconf 91' lang='lat' dir='ltr'>in</span> <span class='ocrx_word' id='word_1_48' title='bbox 1234 981 1318 1047; x_wconf 92' lang='lat' dir='ltr'>libro</span> <span class='ocrx_word' id='word_1_49' title='bbox 1342 1003 1398 1046; x_wconf 90' lang='lat' dir='ltr'>suo</span> 
     </span>
     <span class='ocr_line' id='line_1_7' title="bbox 272 1087 1398 1175; baseline 0.001 -25"><span class='ocrx_word' id='word_1_50' title='bbox 272 1087 403 1172; x_wconf 82' lang='lat' dir='ltr'>legebat</span> <span class='ocrx_word' id='word_1_51' title='bbox 437 1109 555 1152; x_wconf 83' lang='lat' dir='ltr'>messor</span> <span class='ocrx_word' id='word_1_52' title='bbox 587 1088 732 1168; x_wconf 68' lang='lat' dir='ltr'>tacentia</span> <span class='ocrx_word' id='word_1_53' title='bbox 768 1091 888 1153; x_wconf 76' lang='lat' dir='ltr'>demetit</span> <span class='ocrx_word' id='word_1_54' title='bbox 925 1111 1018 1169; x_wconf 80' lang='lat' dir='ltr'>arca,</span> <span class='ocrx_word' id='word_1_55' title='bbox 1054 1111 1136 1175; x_wconf 88' lang='lat' dir='ltr'>quae</span> <span class='ocrx_word' id='word_1_56' title='bbox 1165 1089 1194 1154; x_wconf 89' lang='lat' dir='ltr'>ei</span> <span class='ocrx_word' id='word_1_57' title='bbox 1222 1109 1301 1154; x_wconf 88' lang='lat' dir='ltr'>ansa</span> <span class='ocrx_word' id='word_1_58' title='bbox 1330 1110 1398 1154; x_wconf 90' lang='lat' dir='ltr'>esse</span> 
     </span>
     <span class='ocr_line' id='line_1_8' title="bbox 272 1193 1396 1282; baseline 0.001 -23"><span class='ocrx_word' id='word_1_59' title='bbox 272 1196 401 1278; x_wconf 87' lang='lat' dir='ltr'>poterat</span> <span class='ocrx_word' id='word_1_60' title='bbox 434 1193 692 1279; x_wconf 80' lang='lat' dir='ltr'>interpretandi?</span> <span class='ocrx_word' id='word_1_61' title='bbox 754 1193 874 1262; x_wconf 79' lang='lat' dir='ltr'>Contra</span> <span class='ocrx_word' id='word_1_62' title='bbox 912 1196 939 1260; x_wconf 89' lang='lat' dir='ltr'>si</span> <span class='ocrx_word' id='word_1_63' title='bbox 975 1200 1072 1262; x_wconf 81' lang='lat' dir='ltr'>cultor</span> <span class='ocrx_word' id='word_1_64' title='bbox 1106 1198 1279 1282; x_wconf 85' lang='lat' dir='ltr'>genuinum</span> <span class='ocrx_word' id='word_1_65' title='bbox 1316 1200 1396 1274; x_wconf 76' lang='lat' dir='ltr'>erat,</span> 
     </span>
     <span class='ocr_line' id='line_1_9' title="bbox 272 1301 1397 1390; baseline 0 -23"><span class='ocrx_word' id='word_1_66' title='bbox 272 1324 348 1367; x_wconf 89' lang='lat' dir='ltr'>sane</span> <span class='ocrx_word' id='word_1_67' title='bbox 370 1301 441 1367; x_wconf 89' lang='lat' dir='ltr'>fieri</span> <span class='ocrx_word' id='word_1_68' title='bbox 465 1304 604 1385; x_wconf 85' lang='lat' dir='ltr'>poterat,</span> <span class='ocrx_word' id='word_1_69' title='bbox 628 1325 700 1368; x_wconf 89' lang='lat' dir='ltr'>oum</span> <span class='ocrx_word' id='word_1_70' title='bbox 724 1306 856 1369; x_wconf 89' lang='lat' dir='ltr'>verbum</span> <span class='ocrx_word' id='word_1_71' title='bbox 880 1305 1021 1371; x_wconf 88' lang='lat' dir='ltr'>metendi</span> <span class='ocrx_word' id='word_1_72' title='bbox 1044 1310 1241 1390; x_wconf 83' lang='lat' dir='ltr'>sequeretur,</span> <span class='ocrx_word' id='word_1_73' title='bbox 1264 1308 1302 1368; x_wconf 90' lang='lat' dir='ltr'>ut</span> <span class='ocrx_word' id='word_1_74' title='bbox 1325 1303 1397 1388; x_wconf 88' lang='lat' dir='ltr'>quis</span> 
     </span>
     <span class='ocr_line' id='line_1_10' title="bbox 271 1410 1397 1499; baseline 0.004 -26"><span class='ocrx_word' id='word_1_75' title='bbox 271 1410 432 1476; x_wconf 87' lang='lat' dir='ltr'>notionem</span> <span class='ocrx_word' id='word_1_76' title='bbox 450 1415 548 1477; x_wconf 77' lang='lat' dir='ltr'>cador</span> <span class='ocrx_word' id='word_1_77' title='bbox 564 1414 744 1478; x_wconf 88' lang='lat' dir='ltr'>accuratius</span> <span class='ocrx_word' id='word_1_78' title='bbox 763 1412 825 1478; x_wconf 84' lang='lat' dir='ltr'>sibi</span> <span class='ocrx_word' id='word_1_79' title='bbox 835 1412 1074 1480; x_wconf 85' lang='lat' dir='ltr'>describendam</span> <span class='ocrx_word' id='word_1_80' title='bbox 1089 1418 1221 1499; x_wconf 87' lang='lat' dir='ltr'>putaret</span> <span class='ocrx_word' id='word_1_81' title='bbox 1237 1412 1397 1497; x_wconf 90' lang='lat' dir='ltr'>adscripto</span> 
     </span>
     <span class='ocr_line' id='line_1_11' title="bbox 271 1518 1397 1605; baseline 0.004 -23"><span class='ocrx_word' id='word_1_82' title='bbox 271 1541 395 1584; x_wconf 83' lang='lat' dir='ltr'>messor.</span> <span class='ocrx_word' id='word_1_83' title='bbox 437 1518 684 1585; x_wconf 80' lang='lat' dir='ltr'>Commendatur</span> <span class='ocrx_word' id='word_1_84' title='bbox 709 1520 877 1605; x_wconf 86' lang='lat' dir='ltr'>praeterea</span> <span class='ocrx_word' id='word_1_85' title='bbox 902 1525 999 1585; x_wconf 83' lang='lat' dir='ltr'>cultor</span> <span class='ocrx_word' id='word_1_86' title='bbox 1022 1520 1091 1587; x_wconf 92' lang='lat' dir='ltr'>loco</span> <span class='ocrx_word' id='word_1_87' title='bbox 1121 1521 1252 1600; x_wconf 83' lang='lat' dir='ltr'>Tibulli,</span> <span class='ocrx_word' id='word_1_88' title='bbox 1277 1525 1397 1604; x_wconf 87' lang='lat' dir='ltr'>quaet</span> 
     </span>
     <span class='ocr_line' id='line_1_12' title="bbox 271 1627 979 1711; baseline 0.003 -21"><span class='ocrx_word' id='word_1_89' title='bbox 271 1627 340 1711; x_wconf 92' lang='lat' dir='ltr'>ipso</span> <span class='ocrx_word' id='word_1_90' title='bbox 364 1631 463 1693; x_wconf 81' lang='lat' dir='ltr'>cultor</span> <span class='ocrx_word' id='word_1_91' title='bbox 485 1637 596 1692; x_wconf 85' lang='lat' dir='ltr'>metere</span> <span class='ocrx_word' id='word_1_92' title='bbox 618 1628 736 1694; x_wconf 87' lang='lat' dir='ltr'>dicitur</span> <span class='ocrx_word' id='word_1_93' title='bbox 758 1627 807 1694; x_wconf 91' lang='lat' dir='ltr'>IV</span> <span class='ocrx_word' id='word_1_94' title='bbox 832 1629 979 1708; x_wconf 83' lang='lat'><strong>2,17.18:</strong></span> 
     </span>
     <span class='ocr_line' id='line_1_13' title="bbox 431 1739 1337 1821; baseline 0.003 -21"><span class='ocrx_word' id='word_1_95' title='bbox 431 1739 660 1820; x_wconf 80' lang='lat' dir='ltr'>Possideatqce,</span> <span class='ocrx_word' id='word_1_96' title='bbox 685 1741 789 1802; x_wconf 77' lang='lat' dir='ltr'>metit</span> <span class='ocrx_word' id='word_1_97' title='bbox 812 1739 960 1821; x_wconf 74' lang='lat' dir='ltr'>quidquid</span> <span class='ocrx_word' id='word_1_98' title='bbox 984 1740 1058 1803; x_wconf 83' lang='lat' dir='ltr'>deae</span> <span class='ocrx_word' id='word_1_99' title='bbox 1081 1740 1228 1805; x_wconf 78' lang='lat' dir='ltr'>alentibus</span> <span class='ocrx_word' id='word_1_100' title='bbox 1252 1741 1337 1803; x_wconf 76' lang='lat' dir='ltr'>arvis</span> 
     </span>
     <span class='ocr_line' id='line_1_14' title="bbox 486 1846 1166 1929; baseline 0.003 -20"><span class='ocrx_word' id='word_1_101' title='bbox 486 1846 618 1910; x_wconf 79' lang='lat' dir='ltr'>Cultor</span> <span class='ocrx_word' id='word_1_102' title='bbox 640 1848 791 1910; x_wconf 84' lang='lat' dir='ltr'>adoratae</span> <span class='ocrx_word' id='word_1_103' title='bbox 814 1849 899 1911; x_wconf 79' lang='lat' dir='ltr'>dices</span> <span class='ocrx_word' id='word_1_104' title='bbox 922 1848 1024 1911; x_wconf 85' lang='lat' dir='ltr'>Arabs</span> <span class='ocrx_word' id='word_1_105' title='bbox 1046 1850 1166 1929; x_wconf 74' lang='lat' dir='ltr'>sepelis.</span> 
     </span>
     <span class='ocr_line' id='line_1_15' title="bbox 273 1951 1205 2039; baseline 0.003 -22"><span class='ocrx_word' id='word_1_106' title='bbox 273 1951 345 2018; x_wconf 90' lang='lat' dir='ltr'>Non</span> <span class='ocrx_word' id='word_1_107' title='bbox 370 1957 456 2018; x_wconf 89' lang='lat' dir='ltr'>recte</span> <span class='ocrx_word' id='word_1_108' title='bbox 479 1953 581 2039; x_wconf 88' lang='lat' dir='ltr'>igitur</span> <span class='ocrx_word' id='word_1_109' title='bbox 604 1951 819 2019; x_wconf 87' lang='lat' dir='ltr'>Baehrensius</span> <span class='ocrx_word' id='word_1_110' title='bbox 844 1976 960 2020; x_wconf 85' lang='lat' dir='ltr'>messer</span> <span class='ocrx_word' id='word_1_111' title='bbox 983 1976 1022 2020; x_wconf 84' lang='lat' dir='ltr'>ex</span> <span class='ocrx_word' id='word_1_112' title='bbox 1046 1952 1072 2019; x_wconf 93' lang='grc' dir='ltr'>Ο</span> <span class='ocrx_word' id='word_1_113' title='bbox 1097 1953 1205 2020; x_wconf 91' lang='lat' dir='ltr'>edidit.</span> 
     </span>
     <span class='ocr_line' id='line_1_16' title="bbox 361 2061 482 2141; baseline 0.008 -15"><span class='ocrx_word' id='word_1_114' title='bbox 361 2061 482 2141; x_wconf 87' lang='lat'>61‚106</span> 
     </span>
     <span class='ocr_line' id='line_1_17' title="bbox 429 2171 862 2254; baseline 0 -20"><span class='ocrx_word' id='word_1_115' title='bbox 429 2171 527 2234; x_wconf 82' lang='lat' dir='ltr'>Lecta</span> <span class='ocrx_word' id='word_1_116' title='bbox 550 2173 614 2254; x_wconf 79' lang='lat' dir='ltr'>qut</span> <span class='ocrx_word' id='word_1_117' title='bbox 637 2171 718 2235; x_wconf 81' lang='lat' dir='ltr'>aetra</span> <span class='ocrx_word' id='word_1_118' title='bbox 742 2171 862 2234; x_wconf 76' lang='lat' dir='ltr'>adsitas</span> 
     </span>
     <span class='ocr_line' id='line_1_18' title="bbox 487 2280 883 2361; baseline 0.005 -19"><span class='ocrx_word' id='word_1_119' title='bbox 487 2281 562 2342; x_wconf 73' lang='lat' dir='ltr'>Vtra</span> <span class='ocrx_word' id='word_1_120' title='bbox 584 2282 723 2361; x_wconf 74' lang='lat' dir='ltr'>implicat</span> <span class='ocrx_word' id='word_1_121' title='bbox 745 2280 883 2358; x_wconf 79' lang='lat' dir='ltr'>artarer,</span> 
     </span>
     <span class='ocr_line' id='line_1_19' title="bbox 481 2389 857 2470; baseline 0 -20"><span class='ocrx_word' id='word_1_122' title='bbox 481 2389 696 2470; x_wconf 82' lang='lat' dir='ltr'>Implicabitur</span> <span class='ocrx_word' id='word_1_123' title='bbox 718 2390 749 2452; x_wconf 81' lang='lat' dir='ltr'>ta</span> <span class='ocrx_word' id='word_1_124' title='bbox 774 2396 857 2451; x_wconf 81' lang='lat' dir='ltr'>taam</span> 
     </span>
     <span class='ocr_line' id='line_1_20' title="bbox 431 2495 637 2577; baseline -0.005 -17"><span class='ocrx_word' id='word_1_125' title='bbox 431 2495 637 2577; x_wconf 81' lang='lat' dir='ltr'>Complcaam.</span> 
     </span>
    </p>

    <p class='ocr_par' dir='ltr' id='par_1_5' title="bbox 269 2599 1394 2904">
     <span class='ocr_line' id='line_1_21' title="bbox 360 2599 1394 2686; baseline -0.002 -20"><span class='ocrx_word' id='word_1_126' title='bbox 360 2600 412 2668; x_wconf 80' lang='lat' dir='ltr'>Sic</span> <span class='ocrx_word' id='word_1_127' title='bbox 428 2606 511 2668; x_wconf 81' lang='lat' dir='ltr'>lenta</span> <span class='ocrx_word' id='word_1_128' title='bbox 528 2606 580 2686; x_wconf 83' lang='lat' dir='ltr'>qui</span> <span class='ocrx_word' id='word_1_129' title='bbox 592 2600 817 2668; x_wconf 89' lang='lat' dir='ltr'>Lachmannus</span> <span class='ocrx_word' id='word_1_130' title='bbox 836 2602 868 2666; x_wconf 91' lang='lat' dir='ltr'>in</span> <span class='ocrx_word' id='word_1_131' title='bbox 886 2600 1024 2666; x_wconf 86' lang='lat' dir='ltr'>editione</span> <span class='ocrx_word' id='word_1_132' title='bbox 1038 2600 1166 2686; x_wconf 87' lang='lat' dir='ltr'>scripsit</span> <span class='ocrx_word' id='word_1_133' title='bbox 1182 2622 1240 2685; x_wconf 90' lang='lat' dir='ltr'>pro</span> <span class='ocrx_word' id='word_1_134' title='bbox 1253 2599 1394 2666; x_wconf 89' lang='lat' dir='ltr'>codicum</span> 
     </span>
     <span class='ocr_line' id='line_1_22' title="bbox 273 2707 1394 2796; baseline -0.004 -21"><span class='ocrx_word' id='word_1_135' title='bbox 273 2714 424 2796; x_wconf 82' lang='lat' dir='ltr'>lentaque.</span> <span class='ocrx_word' id='word_1_136' title='bbox 483 2709 543 2776; x_wconf 80' lang='lat' dir='ltr'>Sed</span> <span class='ocrx_word' id='word_1_137' title='bbox 572 2712 759 2796; x_wconf 87' lang='lat' dir='ltr'>pronomine</span> <span class='ocrx_word' id='word_1_138' title='bbox 788 2710 924 2776; x_wconf 87' lang='lat' dir='ltr'>relativo</span> <span class='ocrx_word' id='word_1_139' title='bbox 951 2710 1030 2776; x_wconf 89' lang='lat' dir='ltr'>haec</span> <span class='ocrx_word' id='word_1_140' title='bbox 1058 2732 1120 2773; x_wconf 90' lang='lat' dir='ltr'>non</span> <span class='ocrx_word' id='word_1_141' title='bbox 1157 2713 1233 2795; x_wconf 88' lang='lat' dir='ltr'>apte</span> <span class='ocrx_word' id='word_1_142' title='bbox 1268 2707 1394 2774; x_wconf 90' lang='lat' dir='ltr'>adnecti</span> 
     </span>
     <span class='ocr_line' id='line_1_23' title="bbox 269 2819 720 2904; baseline -0.004 -18"><span class='ocrx_word' id='word_1_143' title='bbox 269 2819 419 2886; x_wconf 87' lang='lat' dir='ltr'>ridentur</span> <span class='ocrx_word' id='word_1_144' title='bbox 442 2819 720 2904; x_wconf 88' lang='lat' dir='ltr'>praecedentibus:</span> 
     </span>
    </p>

    <p class='ocr_par' dir='ltr' id='par_1_6' title="bbox 267 2930 1393 3875">
     <span class='ocr_line' id='line_1_24' title="bbox 428 2930 848 2994; baseline 0 -2"><span class='ocrx_word' id='word_1_145' title='bbox 428 2930 498 2993; x_wconf 84' lang='lat' dir='ltr'>Noa</span> <span class='ocrx_word' id='word_1_146' title='bbox 521 2938 589 2992; x_wconf 82' lang='lat' dir='ltr'>laus</span> <span class='ocrx_word' id='word_1_147' title='bbox 613 2932 687 2994; x_wconf 73' lang='lat' dir='ltr'>leals</span> <span class='ocrx_word' id='word_1_148' title='bbox 708 2932 740 2992; x_wconf 80' lang='lat' dir='ltr'>ta</span> <span class='ocrx_word' id='word_1_149' title='bbox 764 2932 848 2993; x_wconf 86' lang='lat' dir='ltr'>mala</span> 
     </span>
     <span class='ocr_line' id='line_1_25' title="bbox 480 3039 845 3102; baseline 0 -2"><span class='ocrx_word' id='word_1_150' title='bbox 480 3040 608 3102; x_wconf 80' lang='lat' dir='ltr'>Dedttas</span> <span class='ocrx_word' id='word_1_151' title='bbox 631 3039 680 3101; x_wconf 83' lang='lat' dir='ltr'>air</span> <span class='ocrx_word' id='word_1_152' title='bbox 703 3040 845 3101; x_wconf 82' lang='lat' dir='ltr'>adultera</span> 
     </span>
     <span class='ocr_line' id='line_1_26' title="bbox 482 3145 941 3227; baseline 0.004 -21"><span class='ocrx_word' id='word_1_153' title='bbox 482 3145 603 3208; x_wconf 85' lang='lat' dir='ltr'>Probra</span> <span class='ocrx_word' id='word_1_154' title='bbox 627 3148 733 3226; x_wconf 83' lang='lat' dir='ltr'>turpia</span> <span class='ocrx_word' id='word_1_155' title='bbox 754 3164 941 3227; x_wconf 78' lang='lat' dir='ltr'>persequens</span> 
     </span>
     <span class='ocr_line' id='line_1_27' title="bbox 428 3254 777 3316; baseline -0.003 -1"><span class='ocrx_word' id='word_1_156' title='bbox 428 3254 455 3315; x_wconf 89' lang='lat' dir='ltr'><em>A</em></span> <span class='ocrx_word' id='word_1_157' title='bbox 479 3255 539 3316; x_wconf 82' lang='lat' dir='ltr'>tais</span> <span class='ocrx_word' id='word_1_158' title='bbox 563 3255 675 3316; x_wconf 79' lang='lat' dir='ltr'>terreris</span> <span class='ocrx_word' id='word_1_159' title='bbox 698 3254 777 3316; x_wconf 85' lang='lat' dir='ltr'>volet</span> 
     </span>
     <span class='ocr_line' id='line_1_28' title="bbox 483 3361 796 3442; baseline 0.01 -20"><span class='ocrx_word' id='word_1_160' title='bbox 483 3361 639 3423; x_wconf 81' lang='lat' dir='ltr'>Scrutare</span> <span class='ocrx_word' id='word_1_161' title='bbox 660 3363 796 3442; x_wconf 80' lang='lat' dir='ltr'>papillis.</span> 
     </span>
     <span class='ocr_line' id='line_1_29' title="bbox 267 3465 1391 3553; baseline -0.01 -17"><span class='ocrx_word' id='word_1_162' title='bbox 267 3471 312 3536; x_wconf 81' lang='lat' dir='ltr'>Et</span> <span class='ocrx_word' id='word_1_163' title='bbox 345 3469 448 3533; x_wconf 88' lang='lat' dir='ltr'>multo</span> <span class='ocrx_word' id='word_1_164' title='bbox 477 3466 581 3553; x_wconf 83' lang='lat' dir='ltr'>magis</span> <span class='ocrx_word' id='word_1_165' title='bbox 610 3467 732 3550; x_wconf 87' lang='lat' dir='ltr'>placet,</span> <span class='ocrx_word' id='word_1_166' title='bbox 762 3466 847 3552; x_wconf 89' lang='lat' dir='ltr'>quod</span> <span class='ocrx_word' id='word_1_167' title='bbox 876 3465 954 3532; x_wconf 88' lang='lat' dir='ltr'>Itali</span> <span class='ocrx_word' id='word_1_168' title='bbox 977 3465 1179 3531; x_wconf 87' lang='lat' dir='ltr'>coniecerunt</span> <span class='ocrx_word' id='word_1_169' title='bbox 1203 3466 1285 3528; x_wconf 84' lang='lat' dir='ltr'>teate</span> <span class='ocrx_word' id='word_1_170' title='bbox 1308 3466 1391 3545; x_wconf 82' lang='lat' dir='ltr'>pata,</span> 
     </span>
     <span class='ocr_line' id='line_1_30' title="bbox 267 3571 1392 3664; baseline -0.011 -19"><span class='ocrx_word' id='word_1_171' title='bbox 267 3579 351 3664; x_wconf 90' lang='lat' dir='ltr'>qnod</span> <span class='ocrx_word' id='word_1_172' title='bbox 375 3574 554 3641; x_wconf 87' lang='lat' dir='ltr'>sententiae</span> <span class='ocrx_word' id='word_1_173' title='bbox 578 3577 705 3661; x_wconf 82' lang='lat' dir='ltr'>egregie</span> <span class='ocrx_word' id='word_1_174' title='bbox 728 3573 889 3651; x_wconf 85' lang='lat' dir='ltr'>convenit3</span> <span class='ocrx_word' id='word_1_175' title='bbox 914 3581 963 3638; x_wconf 80' lang='lat' dir='ltr'>est</span> <span class='ocrx_word' id='word_1_176' title='bbox 987 3574 1072 3638; x_wconf 90' lang='lat' dir='ltr'>enim</span> <span class='ocrx_word' id='word_1_177' title='bbox 1090 3577 1163 3656; x_wconf 80' lang='lat' dir='ltr'>qaia</span> <span class='ocrx_word' id='word_1_178' title='bbox 1179 3572 1213 3636; x_wconf 93' lang='lat' dir='ltr'>in</span> <span class='ocrx_word' id='word_1_179' title='bbox 1231 3571 1291 3636; x_wconf 89' lang='lat' dir='ltr'>hoc</span> <span class='ocrx_word' id='word_1_180' title='bbox 1307 3593 1392 3636; x_wconf 85' lang='lat' dir='ltr'>nexu</span> 
     </span>
     <span class='ocr_line' id='line_1_31' title="bbox 267 3680 1392 3767; baseline -0.007 -17"><span class='ocrx_word' id='word_1_181' title='bbox 267 3691 412 3752; x_wconf 86' lang='lat' dir='ltr'>nostrum</span> <span class='ocrx_word' id='word_1_182' title='bbox 427 3687 560 3750; x_wconf 81' lang='lat' dir='ltr'>scaelera</span> <span class='ocrx_word' id='word_1_183' title='bbox 569 3687 721 3762; x_wconf 63' lang='lat' dir='ltr'>violarem,</span> <span class='ocrx_word' id='word_1_184' title='bbox 730 3684 818 3748; x_wconf 89' lang='lat' dir='ltr'>cuius</span> <span class='ocrx_word' id='word_1_185' title='bbox 832 3703 907 3745; x_wconf 88' lang='lat' dir='ltr'>usus</span> <span class='ocrx_word' id='word_1_186' title='bbox 919 3680 1392 3767; x_wconf 84' lang='lat' dir='ltr'>exemplanuperrimeaongcs-</span> 
     </span>
     <span class='ocr_line' id='line_1_32' title="bbox 267 3791 1393 3875; baseline -0.004 -17"><span class='ocrx_word' id='word_1_187' title='bbox 267 3795 309 3858; x_wconf 90' lang='lat' dir='ltr'>sit</span> <span class='ocrx_word' id='word_1_188' title='bbox 325 3793 454 3858; x_wconf 86' lang='lat' dir='ltr'>Kienitz</span> <span class='ocrx_word' id='word_1_189' title='bbox 477 3793 511 3857; x_wconf 90' lang='lat' dir='ltr'>in</span> <span class='ocrx_word' id='word_1_190' title='bbox 535 3792 655 3870; x_wconf 82' lang='lat' dir='ltr'>libello,</span> <span class='ocrx_word' id='word_1_191' title='bbox 680 3793 730 3857; x_wconf 92' lang='lat' dir='ltr'>cui</span> <span class='ocrx_word' id='word_1_192' title='bbox 748 3791 927 3875; x_wconf 80' lang='lat' dir='ltr'>inscripsit:</span> <span class='ocrx_word' id='word_1_193' title='bbox 953 3793 1079 3874; x_wconf 80' lang='lat' dir='ltr'>deputa</span> <span class='ocrx_word' id='word_1_194' title='bbox 1105 3791 1280 3872; x_wconf 79' lang='lat' dir='ltr'>particulae</span> <span class='ocrx_word' id='word_1_195' title='bbox 1307 3792 1393 3871; x_wconf 83' lang='lat' dir='ltr'>apud</span> 
     </span>
    </p>
   </div>
   <div class='ocr_carea' id='block_1_5' title="bbox 265 3895 1392 4416">
    <p class='ocr_par' dir='ltr' id='par_1_7' title="bbox 265 3895 1392 4416">
     <span class='ocr_line' id='line_1_33' title="bbox 266 3895 1390 3986; baseline -0.006 -19"><span class='ocrx_word' id='word_1_196' title='bbox 266 3907 386 3986; x_wconf 83' lang='lat' dir='ltr'>priscos</span> <span class='ocrx_word' id='word_1_197' title='bbox 408 3905 576 3984; x_wconf 78' lang='lat' dir='ltr'>scriptores</span> <span class='ocrx_word' id='word_1_198' title='bbox 600 3903 726 3966; x_wconf 79' lang='lat' dir='ltr'>Latinos</span> <span class='ocrx_word' id='word_1_199' title='bbox 749 3922 816 3978; x_wconf 84' lang='lat' dir='ltr'>asa,</span> <span class='ocrx_word' id='word_1_200' title='bbox 842 3898 1015 3964; x_wconf 83' lang='lat' dir='ltr'>Oarlsruhe</span> <span class='ocrx_word' id='word_1_201' title='bbox 1048 3897 1131 3961; x_wconf 85' lang='lat'>1878</span> <span class='ocrx_word' id='word_1_202' title='bbox 1157 3895 1302 3984; x_wconf 82' lang='lat' dir='ltr'>(Beilage</span> <span class='ocrx_word' id='word_1_203' title='bbox 1319 3919 1390 3960; x_wconf 84' lang='lat' dir='ltr'>aum</span> 
     </span>
     <span class='ocr_line' id='line_1_34' title="bbox 269 4002 1391 4095; baseline -0.005 -20"><span class='ocrx_word' id='word_1_204' title='bbox 269 4009 381 4094; x_wconf 71' lang='lat' dir='ltr'>Progr.</span> <span class='ocrx_word' id='word_1_205' title='bbox 417 4010 447 4076; x_wconf 88' lang='lat' dir='ltr'>d.</span> <span class='ocrx_word' id='word_1_206' title='bbox 483 4007 607 4095; x_wconf 82' lang='lat' dir='ltr'>grossh.</span> <span class='ocrx_word' id='word_1_207' title='bbox 639 4006 756 4090; x_wconf 81' lang='lat' dir='ltr'>Gymn.</span> <span class='ocrx_word' id='word_1_208' title='bbox 787 4030 825 4071; x_wconf 85' lang='lat' dir='ltr'>au</span> <span class='ocrx_word' id='word_1_209' title='bbox 855 4006 889 4072; x_wconf 83' lang='lat' dir='ltr'>O.</span> <span class='ocrx_word' id='word_1_210' title='bbox 923 4002 1093 4094; x_wconf 61' lang='grc'>1877778),</span> <span class='ocrx_word' id='word_1_211' title='bbox 1118 4027 1312 4090; x_wconf 89' lang='lat' dir='ltr'>quamquam</span> <span class='ocrx_word' id='word_1_212' title='bbox 1343 4008 1391 4070; x_wconf 86' lang='lat' dir='ltr'>vir</span> 
     </span>
     <span class='ocr_line' id='line_1_35' title="bbox 268 4114 1392 4198; baseline -0.004 -17"><span class='ocrx_word' id='word_1_213' title='bbox 268 4117 379 4182; x_wconf 89' lang='lat' dir='ltr'>dactus</span> <span class='ocrx_word' id='word_1_214' title='bbox 407 4116 452 4181; x_wconf 88' lang='lat' dir='ltr'>ibi</span> <span class='ocrx_word' id='word_1_215' title='bbox 483 4115 581 4181; x_wconf 87' lang='lat' dir='ltr'>etiam</span> <span class='ocrx_word' id='word_1_216' title='bbox 605 4115 784 4198; x_wconf 89' lang='lat' dir='ltr'>complures</span> <span class='ocrx_word' id='word_1_217' title='bbox 808 4116 894 4180; x_wconf 92' lang='lat' dir='ltr'>locos</span> <span class='ocrx_word' id='word_1_218' title='bbox 919 4114 1047 4193; x_wconf 83' lang='lat' dir='ltr'>attulit,</span> <span class='ocrx_word' id='word_1_219' title='bbox 1076 4115 1131 4198; x_wconf 90' lang='lat' dir='ltr'>qui</span> <span class='ocrx_word' id='word_1_220' title='bbox 1154 4136 1218 4178; x_wconf 88' lang='lat' dir='ltr'>non</span> <span class='ocrx_word' id='word_1_221' title='bbox 1242 4114 1392 4177; x_wconf 88' lang='lat' dir='ltr'>videntur</span> 
     </span>
     <span class='ocr_line' id='line_1_36' title="bbox 267 4221 1391 4307; baseline -0.003 -20"><span class='ocrx_word' id='word_1_222' title='bbox 267 4223 329 4288; x_wconf 88' lang='lat' dir='ltr'>huc</span> <span class='ocrx_word' id='word_1_223' title='bbox 353 4223 524 4307; x_wconf 83' lang='lat' dir='ltr'>pertinere.</span> <span class='ocrx_word' id='word_1_224' title='bbox 570 4223 640 4288; x_wconf 85' lang='lat' dir='ltr'>laur</span> <span class='ocrx_word' id='word_1_225' title='bbox 665 4222 763 4286; x_wconf 84' lang='lat' dir='ltr'>codex</span> <span class='ocrx_word' id='word_1_226' title='bbox 786 4222 814 4288; x_wconf 93' lang='lat'>0</span> <span class='ocrx_word' id='word_1_227' title='bbox 837 4223 970 4306; x_wconf 86' lang='lat' dir='ltr'>praebet</span> <span class='ocrx_word' id='word_1_228' title='bbox 994 4226 1076 4286; x_wconf 84' lang='lat' dir='ltr'>lerata</span> <span class='ocrx_word' id='word_1_229' title='bbox 1099 4226 1162 4304; x_wconf 84' lang='lat' dir='ltr'>sed,</span> <span class='ocrx_word' id='word_1_230' title='bbox 1186 4222 1268 4305; x_wconf 90' lang='lat' dir='ltr'>quod</span> <span class='ocrx_word' id='word_1_231' title='bbox 1285 4221 1391 4286; x_wconf 86' lang='lat' dir='ltr'>Baeh-</span> 
     </span>
     <span class='ocr_line' id='line_1_37' title="bbox 265 4327 1390 4416; baseline -0.004 -22"><span class='ocrx_word' id='word_1_232' title='bbox 265 4331 388 4395; x_wconf 86' lang='lat' dir='ltr'>rensius</span> <span class='ocrx_word' id='word_1_233' title='bbox 426 4331 545 4415; x_wconf 86' lang='lat' dir='ltr'>aliique</span> <span class='ocrx_word' id='word_1_234' title='bbox 580 4331 752 4416; x_wconf 75' lang='lat' dir='ltr'>genuinum</span> <span class='ocrx_word' id='word_1_235' title='bbox 792 4333 919 4414; x_wconf 87' lang='lat' dir='ltr'>putant.</span> <span class='ocrx_word' id='word_1_236' title='bbox 982 4328 1025 4394; x_wconf 82' lang='lat' dir='ltr'>Et</span> <span class='ocrx_word' id='word_1_237' title='bbox 1064 4352 1140 4394; x_wconf 88' lang='lat' dir='ltr'>sane</span> <span class='ocrx_word' id='word_1_238' title='bbox 1178 4330 1275 4393; x_wconf 85' lang='lat' dir='ltr'>etiem</span> <span class='ocrx_word' id='word_1_239' title='bbox 1311 4327 1390 4391; x_wconf 85' lang='lat' dir='ltr'>haee</span> 
     </span>
    </p>
   </div>
   <div class='ocr_carea' id='block_1_6' title="bbox 0 0 1624 4938">
    <p class='ocr_par' dir='ltr' id='par_1_8' title="bbox 0 0 1624 4938">
     <span class='ocr_line' id='line_1_38' title="bbox 0 0 1624 4938; baseline 0 2"><span class='ocrx_word' id='word_1_240' title='bbox 0 0 1624 4938; x_wconf 95' lang='lat' dir='ltr'> </span> 
     </span>
    </p>
   </div>
  </div>
 </body>
</html>
