3240 4938
780 289 823 358 22

333 471 432 553 66,24

405 582 441 642 Ut
465 580 519 642 libi
542 586 630 641 taac
652 587 716 641 tota
738 587 862 658 pectore
884 578 1033 640 sollicitae

332 711 411 754 aaae
436 685 493 751 DL
516 695 588 750 tanc
611 683 709 750 haro
733 707 812 750 rraae
836 705 997 768 suprascr·
1017 695 1088 750 tuae
1111 683 1149 750 G.

332 796 428 874 34‚21

404 905 465 966 Sis
488 922 682 983 qarocaaqae
704 903 759 964 aot
780 904 883 983 placet

332 1011 424 1076 Hanc
441 1008 614 1093 genuinam
633 1009 824 1092 scripturam
843 1007 997 1072 exhibent
1010 1007 1169 1093 margines
1182 1006 1324 1070 codicum
1338 1005 1365 1071 G

244 1126 278 1184 et
302 1119 339 1197 B,
363 1123 530 1202 praeterea
555 1115 593 1195 Ο,
617 1116 725 1193 ceteri,
751 1137 886 1199 qaorum
909 1116 943 1180 in
968 1137 1100 1181 numero
1124 1115 1220 1178 etiam
1246 1113 1366 1179 DetL

243 1231 329 1304 sant,
353 1225 509 1310 praebent
532 1229 593 1288 scis
616 1245 814 1308 paaeeaaqae
837 1227 891 1288 tibi
913 1229 1015 1306 placet
1039 1225 1089 1289 vel
1112 1226 1244 1306 placeat.

335 1331 433 1410 10‚13
727 1406 729 1408 ¹

404 1442 590 1503 Praesertim
614 1440 722 1521 quibas
746 1449 824 1503 esset
845 1444 1015 1503 irraraator

403 1550 537 1611 Praetor
559 1568 620 1611 aaa
642 1549 816 1630 facerent
839 1551 894 1630 pili
918 1548 1080 1611 cohortem.

333 1654 422 1720 Haec
438 1657 486 1719 est
503 1653 663 1738 scripture
678 1655 793 1720 codicis
811 1654 850 1736 Ι),
874 1677 973 1740 equa
991 1654 1016 1718 L
1031 1655 1079 1720 ito
1095 1657 1223 1720 tentum
1239 1657 1369 1736 recedit,

244 1769 282 1829 ut
305 1787 366 1829 aaa
389 1767 506 1846 faceret
530 1762 694 1845 praebeat.
734 1762 960 1829 Lachmannus
981 1761 1142 1841 dubitans,
1166 1766 1243 1848 quid
1259 1787 1368 1831 verum

244 1875 296 1954 sit,
322 1870 351 1935 D
377 1871 569 1957 scripturam
592 1873 704 1957 aperte
728 1875 913 1956 corruptam
937 1871 969 1934 in
994 1874 1086 1935 textu
1108 1871 1225 1955 posuit,
1253 1873 1286 1936 in
1310 1897 1369 1938 an·

244 1981 411 2047 notatione
445 1984 554 2046 autem
588 1981 701 2045 critice
731 1978 885 2045 Gronovii
913 1979 1128 2046 coniecturam
1158 2002 1218 2045 aaa
1249 1982 1369 2063 faciens

245 2091 343 2156 affert
366 2111 464 2174 eoque
487 2088 698 2153 commendat.
738 2085 800 2153 Sed
823 2111 862 2153 ex
886 2088 940 2168 eis,
964 2109 1046 2172 quoe
1069 2085 1097 2152 G
1120 2091 1153 2153 et
1174 2087 1201 2154 O
1225 2089 1368 2168 tradunt,

247 2199 335 2264 aliud
371 2197 447 2281 qnid
482 2194 644 2259 Catullum
681 2195 843 2280 scripsisse
877 2201 1023 2280 apparet.
1070 2195 1098 2260 G
1127 2197 1212 2263 enim
1240 2197 1370 2263 exhibet

247 2329 308 2372 aaa
335 2309 455 2387 faceret
484 2322 641 2386 suprascr.
666 2307 699 2367 al
721 2325 792 2382 aea,
822 2302 928 2368 anc
948 2306 1083 2385 faceret,
1112 2327 1214 2390 neque
1238 2305 1368 2370 dubium

249 2412 384 2490 videtur,
410 2409 487 2496 quin
510 2409 591 2475 illud
614 2434 669 2476 aec
691 2416 810 2496 faceret
833 2431 943 2475 verum
966 2410 1023 2475 sit:

405 2522 591 2584 Praesertim
615 2523 725 2604 peribas
747 2530 824 2586 esset
846 2523 1014 2583 irrumator

407 2630 538 2694 Praetor
561 2651 618 2694 aee
640 2631 760 2712 faceret
780 2632 836 2712 pili
859 2631 1020 2693 eohortem.

246 2735 323 2800 Tale
359 2734 443 2800 enim
478 2736 603 2800 dicendi
638 2757 740 2820 genus
776 2758 839 2801 non
874 2735 1029 2801 abhorret
1056 2738 1097 2801 eb
1128 2757 1186 2800 usu
1217 2739 1370 2802 sermonis

246 2842 364 2924 Latini,
389 2842 429 2910 cf.
456 2841 526 2908 aar.
551 2844 621 2923 2‚3:

408 2941 499 3030 Quoi
509 2954 642 3034 primam
665 2954 792 3035 stipitum
815 2954 892 3015 dare
915 2954 1070 3034 adpetenti

407 3063 446 3125 Et
471 3065 554 3126 acris
577 3065 653 3127 solet
675 3064 806 3126 incitare
828 3081 958 3127 mersas.

245 3167 316 3232 Ter.
343 3166 444 3236 Andr.
468 3168 484 3231 I
511 3170 603 3248 las:

406 3277 486 3338 Nam
510 3281 562 3361 qai
585 3299 653 3341 cara
676 3280 805 3360 iapeaiis
828 3279 1021 3359 conflictatur
1044 3279 1211 3342 eiusmodi

406 3385 510 3465 Neque
534 3394 738 3450 coarmooetar
762 3389 881 3451 animas
903 3391 935 3452 ia
959 3408 997 3451 ea
1022 3408 1056 3450 re
1079 3396 1190 3464 tamea,

409 3492 500 3555 Scias
521 3511 612 3572 posse
634 3493 748 3556 babere

248 3599 281 3662 et
305 3597 485 3682 exemplum
508 3596 599 3674 illud,
623 3599 707 3681 quod
731 3599 940 3686 Rossbcrgius
965 3598 996 3660 in
1021 3601 1201 3666 recensione
1224 3601 1372 3668 editionis

247 3702 506 3771 Baehrensiense
541 3701 750 3788 (Fleckeiseni
785 3729 857 3773 ann.
896 3707 981 3772 1877
1010 3729 1043 3791 p.
1076 3705 1152 3793 173)
1187 3710 1302 3774 attulit
1333 3731 1373 3773 ex

245 3811 314 3879 Tib.
339 3811 387 3876 IV
412 3815 442 3892 2,
469 3812 616 3878 15-17:

406 3924 480 3986 Sola
502 3925 674 4004 paellaram
698 3925 792 4004 diana
815 3931 869 4006 eet,
893 3926 942 3986 cai
964 3925 1068 3987 mollio
1092 3927 1177 3988 carie

468 4033 586 4096 Vellera
610 4034 660 4096 det
682 4036 764 4098 sacis
789 4034 834 4098 bis
856 4035 1034 4116 madefacta
1052 4034 1158 4118 Tyros,

409 4141 636 4222 Possideatqae.

337 4243 396 4309 His
431 4245 533 4330 igitur
567 4249 721 4329 quattuor
754 4248 831 4312 loeis
854 4258 941 4314 rere
974 4247 1135 4333 seriptum
1164 4248 1199 4314 in
1228 4245 1258 4312 G
1286 4247 1371 4312 inter
