3240 4938
800 321 843 385 35

261 481 446 558 Thuaneus3
471 481 597 546 collatis
621 481 788 564 utriusque
811 482 926 548 codicis
949 481 1117 564 scripturis
1143 503 1250 546 verum
1268 486 1382 566 poetae

262 611 392 655 manum
415 589 644 674 cognoscimus.
654 589 688 673 *)

353 697 431 776 24,4

424 806 545 868 Mollem
570 806 693 867 dicitius
717 807 772 867 uti
795 806 938 870 dedisses.

352 910 403 978 Sic
418 911 644 978 Lachmannus
665 911 697 974 in
713 911 817 995 prima
833 911 972 976 editione
988 911 1190 977 scribendum
1206 911 1383 996 proposuit,

262 1019 383 1085 codices
411 1020 568 1105 praebent
596 1022 637 1083 mi
664 1021 808 1085 dedisses.
866 1015 928 1082 Sed
958 1023 1129 1103 postquam
1158 1018 1321 1103 Hauptius
1352 1020 1386 1084 in

263 1128 329 1194 obs.
364 1127 437 1194 orit.
473 1149 503 1210 p.
540 1125 560 1190 8
596 1125 658 1212 (up.
695 1124 712 1190 I
745 1148 777 1210 p.
815 1126 870 1210 79)
905 1126 1146 1191 commonefecit
1169 1124 1318 1192 Vossium
1352 1128 1387 1191 in

263 1234 402 1302 editione
426 1257 484 1300 sue
507 1235 660 1299 scribere:
892 1313 897 1322 ¹

423 1345 545 1408 Mallem
569 1345 693 1408 diuitias
716 1344 819 1406 Midae
842 1344 987 1420 dedisses,

263 1472 356 1516 nemo
395 1451 459 1516 iam
482 1450 626 1528 dubitat,
656 1451 734 1534 quin
772 1449 850 1514 haec
889 1449 1049 1533 scriptura
1078 1469 1153 1514 vera
1184 1449 1234 1513 sit.
1280 1449 1387 1536 Atque

263 1561 368 1644 ipsum
403 1559 463 1624 hoc
492 1547 596 1626 Midae
630 1561 765 1626 dedisses
799 1557 831 1620 iu
861 1555 888 1621 Ο
918 1559 1085 1621 exaratum
1113 1561 1177 1635 est,
1214 1557 1289 1649 nisi·
1304 1559 1388 1642 quod

264 1671 361 1734 verba
383 1690 448 1733 nun
472 1673 557 1750 recte
580 1667 733 1746 distincta
757 1669 832 1731 s'uut
854 1670 895 1730 mi
918 1667 1100 1730 dcdedisses.

356 1775 452 1855 loru
514 1823 518 1838 .
583 1765 588 1772 ⁸

425 1886 517 1949 Nunc
536 1894 638 1948 temere
660 1888 788 1961 interea,
811 1886 914 1966 prisco
938 1900 1018 1963 quoe
1041 1901 1125 1944 more
1145 1890 1320 1963 pareutum.

355 1991 443 2058 Haec
468 1991 691 2056 Lachmannus
715 1989 799 2058 exD
823 1989 932 2066 edidit,
957 1986 984 2052 Ο
1008 1987 1138 2053 exhibet
1159 1993 1278 2054 interea
1300 1993 1388 2071 leaeo,

265 2103 372 2180 ceteri,
393 2101 427 2166 in
450 2097 566 2184 quibus
590 2098 617 2162 L
640 2101 673 2163 et
697 2097 735 2176 G,
760 2103 876 2165 intereo
898 2101 964 2162 lucc.
1012 2094 1097 2160 Illud
1121 2099 1188 2176 roc,
1213 2098 1296 2182 quod
1319 2099 1389 2182 ple·

265 2209 355 2290 rique
390 2205 511 2272 codices
546 2210 724 2286 testantur,
761 2230 848 2273 merc
883 2226 990 2271 errore
1024 2207 1132 2269 ortum
1160 2229 1225 2272 non
1252 2207 1388 2273 videtur.

265 2313 370 2391 Quare
393 2313 568 2398 rectissime
587 2312 778 2398 ‘Schwubius
802 2298 939 2400 (quaest.
964 2335 995 2398 p.
1014 2310 1093 2398 276)
1118 2313 1177 2379 hoc
1201 2315 1269 2381 loco
1285 2314 1391 2381 Lach-

266 2444 418 2487 mauuum
448 2421 530 2486 libro
554 2420 583 2484 D
612 2422 746 2486 nimium
776 2421 929 2486 confisum
956 2441 1023 2484 esse
1046 2420 1123 2485 dicit
1147 2426 1180 2486 et
1203 2427 1389 2508 comparato

266 2554 297 2595 v.
324 2531 367 2595 43
395 2528 477 2594 Ciris
512 2530 713 2594 scribendum
742 2550 809 2592 esse
836 2528 968 2612 probat,
1004 2527 1036 2591 id
1059 2528 1144 2612 quod
1167 2534 1278 2614 postea
1302 2530 1387 2595 ino

268 2637 432 2702 inventum
455 2642 520 2704 est:

429 2749 516 2812 Nuce
531 2755 632 2810 tomen
648 2749 767 2810 interea
782 2749 884 2821 hoec,
900 2747 1003 2826 prisco
1019 2763 1101 2826 quac
1115 2765 1199 2809 more
1214 2756 1387 2828 parentum.

357 2852 425 2920 Iam
449 2876 520 2919 cum
544 2851 622 2918 satis
645 2851 683 2918 dc
706 2850 750 2915 eis
773 2850 851 2917 locis
875 2852 1038 2918 videamur
1059 2852 1158 2917 locuti
1174 2876 1250 2933 esse,
1275 2856 1390 2939 quibus

268 2961 518 3028 OLachmarmi
548 2960 639 3028 libris
664 2957 692 3022 D
721 2964 753 3024 et
777 2959 803 3024 L
830 2965 976 3045 praestat
1000 2996 1043 3007 -
1066 2983 1140 3026 nam
1165 2959 1280 3025 ceteris
1302 2959 1389 3040 locis,

268 3071 323 3135 ubi
357 3070 419 3134 viri
447 3069 531 3135 docti
556 3070 670 3135 codicis
694 3067 721 3134 0
750 3070 944 3134 auctoritate
968 3069 1030 3133 nisi
1053 3093 1072 3133 a
1100 3067 1309 3134 Lachmanno
1336 3070 1391 3134 de-

267 3177 412 3255 flectunt,
439 3177 505 3242 fere
529 3179 675 3243 omnibus
698 3199 760 3241 nou
785 3177 863 3241 satis
886 3181 979 3242 caute
1001 3176 1177 3241 iudicantes
1202 3175 1294 3239 nimis
1318 3177 1392 3242 fidei

269 3283 343 3350 huic
371 3285 470 3351 codici
496 3285 647 3351 videntur
671 3285 789 3351 habere
816 3307 867 3332 ⁰-
902 3285 954 3350 hic
977 3284 1086 3369 paucis
1110 3284 1210 3350 totius
1234 3305 1390 3351 summam

268 3394 527 3477 complectemur.

359 3501 467 3586 Atque
495 3501 634 3584 primum
658 3501 796 3566 codicem
821 3500 848 3566 Ο
879 3523 987 3566 verum
1011 3499 1171 3581 exhibere,
1196 3522 1267 3565 cum
1291 3503 1393 3588 scrip-

268 3613 362 3675 turae
392 3610 547 3675 librorum
572 3608 601 3672 D
626 3614 659 3674 et
683 3607 707 3672 L
737 3609 930 3694 depravatae
954 3610 1069 3684 esseut,
1099 3606 1132 3669 iu
1157 3607 1218 3672 hac
1241 3609 1393 3677 disserta-

269 3718 369 3784 tionis
403 3721 497 3802 parte
531 3717 668 3782 vidimus
698 3718 920 3803 undetriginta
955 3716 1049 3792 locis;
1085 3715 1129 3778 eis
1165 3736 1182 3777 e
1217 3714 1322 3796 priore
1355 3718 1394 3782 de

312 3926 315 3937 ’
340 3937 367 4001 *)
396 3934 429 3988 In
452 3933 587 3990 Fleckeis.
617 3951 682 3988 ann.
708 3934 778 3991 1880
801 3952 828 4003 p.
855 3932 908 3989 490
928 3928 1083 3986 Schccllius
1109 3929 1228 3999 negavit
1250 3928 1392 3987 Catullum

270 4039 365 4078 vocem
381 4025 464 4092 putri
488 4023 627 4094 producta
652 4023 764 4092 syllaba
784 4023 877 4094 prima
897 4019 1066 4076 adhibuisse.
1104 4018 1159 4074 Sed
1178 4021 1255 4090 apud
1274 4022 1394 4078 cundem

270 4111 413 4167 Catullum
431 4113 574 4167 habentur
594 4129 727 4180 cupressu
745 4112 851 4177 64291,
878 4111 980 4180 duplex
999 4110 1093 4176 68,51‚
1116 4109 1260 4178 deprandi
1278 4111 1394 4165 verbum

270 4202 356 4267 uter.
377 4202 466 4268 6735.
487 4201 577 4268 68:13.
599 4203 657 4268 139,
677 4205 775 4256 mitrae
794 4201 882 4267 6458,
904 4201 1005 4256 scabra
1024 4199 1130 4267 68‚151,
1150 4215 1278 4269 supremo
1298 4201 1392 4266 64,151

269 4292 410 4361 producta
429 4292 521 4364 primu
540 4294 571 4349 et
590 4309 626 4348 ex
643 4291 776 4347 Lucretio
803 4290 927 4346 sufficiat
945 4291 1076 4346 attulisse
1094 4288 1288 4416 pitrep*llV
1307 4292 1393 4359 1222)
