<?xml version="1.0" encoding="UTF-8"?>
<!DOCTYPE html PUBLIC "-//W3C//DTD XHTML 1.0 Transitional//EN"
    "http://www.w3.org/TR/xhtml1/DTD/xhtml1-transitional.dtd">
<html xmlns="http://www.w3.org/1999/xhtml" xml:lang="en" lang="en">
 <head>
  <title>
</title>
<meta http-equiv="Content-Type" content="text/html;charset=utf-8" />
  <meta name='ocr-system' content='tesseract 3.04.00' />
  <meta name='ocr-capabilities' content='ocr_page ocr_carea ocr_par ocr_line ocrx_word'/>
</head>
<body>
  <div class='ocr_page' id='page_1' title='image "./derecensendisca00sydogoog_0045.png"; bbox 0 0 3240 4938; ppageno 0'>
   <div class='ocr_carea' id='block_1_1' title="bbox 778 295 821 361">
    <p class='ocr_par' dir='ltr' id='par_1_1' title="bbox 778 295 821 361">
     <span class='ocr_line' id='line_1_1' title="bbox 778 295 821 361; baseline -0.023 0"><span class='ocrx_word' id='word_1_1' title='bbox 778 295 821 361; x_wconf 82' lang='lat'><strong>36</strong></span> 
     </span>
    </p>
   </div>
   <div class='ocr_carea' id='block_1_2' title="bbox 234 472 1361 1099">
    <p class='ocr_par' dir='ltr' id='par_1_2' title="bbox 234 472 1361 1099">
     <span class='ocr_line' id='line_1_2' title="bbox 234 472 1361 559; baseline -0.002 -19"><span class='ocrx_word' id='word_1_2' title='bbox 234 475 340 541; x_wconf 88' lang='lat' dir='ltr'><strong>codice</strong></span> <span class='ocrx_word' id='word_1_3' title='bbox 363 473 390 540; x_wconf 99' lang='lat' dir='ltr'><strong>G</strong></span> <span class='ocrx_word' id='word_1_4' title='bbox 415 478 508 558; x_wconf 87' lang='lat' dir='ltr'><strong>parte</strong></span> <span class='ocrx_word' id='word_1_5' title='bbox 532 473 667 540; x_wconf 88' lang='lat' dir='ltr'><strong>addendi</strong></span> <span class='ocrx_word' id='word_1_6' title='bbox 692 477 767 539; x_wconf 89' lang='lat' dir='ltr'><strong>suut</strong></span> <span class='ocrx_word' id='word_1_7' title='bbox 791 473 907 559; x_wconf 84' lang='lat' dir='ltr'><strong>viginti</strong></span> <span class='ocrx_word' id='word_1_8' title='bbox 930 496 1023 554; x_wconf 88' lang='lat' dir='ltr'><strong>unus,</strong></span> <span class='ocrx_word' id='word_1_9' title='bbox 1047 473 1162 558; x_wconf 90' lang='lat' dir='ltr'><strong>quibus</strong></span> <span class='ocrx_word' id='word_1_10' title='bbox 1180 472 1207 541; x_wconf 93' lang='lat' dir='ltr'>O</span> <span class='ocrx_word' id='word_1_11' title='bbox 1224 473 1303 541; x_wconf 90' lang='lat' dir='ltr'><strong>etG</strong></span> <span class='ocrx_word' id='word_1_12' title='bbox 1328 473 1361 539; x_wconf 93' lang='lat' dir='ltr'><strong>in</strong></span> 
     </span>
     <span class='ocr_line' id='line_1_3' title="bbox 236 581 1355 669; baseline 0 -21"><span class='ocrx_word' id='word_1_13' title='bbox 236 605 310 649; x_wconf 84' lang='lat' dir='ltr'><strong>vera</strong></span> <span class='ocrx_word' id='word_1_14' title='bbox 345 584 507 669; x_wconf 89' lang='lat' dir='ltr'><strong>scriptura</strong></span> <span class='ocrx_word' id='word_1_15' title='bbox 541 585 653 648; x_wconf 87' lang='lat' dir='ltr'><strong>contra</strong></span> <span class='ocrx_word' id='word_1_16' title='bbox 682 581 712 645; x_wconf 92' lang='lat' dir='ltr'>D</span> <span class='ocrx_word' id='word_1_17' title='bbox 737 585 769 647; x_wconf 91' lang='lat' dir='ltr'><strong>et</strong></span> <span class='ocrx_word' id='word_1_18' title='bbox 793 582 819 646; x_wconf 91' lang='lat' dir='ltr'>L</span> <span class='ocrx_word' id='word_1_19' title='bbox 849 583 1066 662; x_wconf 87' lang='lat' dir='ltr'><strong>consentiunt,</strong></span> <span class='ocrx_word' id='word_1_20' title='bbox 1095 582 1143 648; x_wconf 87' lang='lat' dir='ltr'><strong>ita</strong></span> <span class='ocrx_word' id='word_1_21' title='bbox 1171 587 1208 648; x_wconf 91' lang='lat' dir='ltr'><strong>nt</strong></span> <span class='ocrx_word' id='word_1_22' title='bbox 1230 605 1355 649; x_wconf 90' lang='lat' dir='ltr'><strong>summa</strong></span> 
     </span>
     <span class='ocr_line' id='line_1_4' title="bbox 235 688 1357 776; baseline 0 -20"><span class='ocrx_word' id='word_1_23' title='bbox 235 692 349 757; x_wconf 92' lang='lat' dir='ltr'><strong>horum</strong></span> <span class='ocrx_word' id='word_1_24' title='bbox 373 693 514 757; x_wconf 90' lang='lat' dir='ltr'><strong>locorum</strong></span> <span class='ocrx_word' id='word_1_25' title='bbox 538 689 580 753; x_wconf 89' lang='lat' dir='ltr'><strong>sit</strong></span> <span class='ocrx_word' id='word_1_26' title='bbox 603 690 850 776; x_wconf 86' lang='lat' dir='ltr'><strong>quinquaginta.</strong></span> <span class='ocrx_word' id='word_1_27' title='bbox 885 688 968 755; x_wconf 84' lang='lat' dir='ltr'><strong>Tum</strong></span> <span class='ocrx_word' id='word_1_28' title='bbox 985 691 1079 770; x_wconf 87' lang='lat' dir='ltr'><strong>locos,</strong></span> <span class='ocrx_word' id='word_1_29' title='bbox 1104 691 1220 774; x_wconf 90' lang='lat' dir='ltr'><strong>quibus</strong></span> <span class='ocrx_word' id='word_1_30' title='bbox 1237 690 1264 756; x_wconf 90' lang='grc' dir='ltr'><strong>Ο</strong></span> <span class='ocrx_word' id='word_1_31' title='bbox 1280 713 1357 776; x_wconf 91' lang='lat' dir='ltr'><strong>pro-</strong></span> 
     </span>
     <span class='ocr_line' id='line_1_5' title="bbox 234 796 1360 885; baseline -0.002 -21"><span class='ocrx_word' id='word_1_32' title='bbox 234 799 306 885; x_wconf 90' lang='lat' dir='ltr'><strong>pius</strong></span> <span class='ocrx_word' id='word_1_33' title='bbox 334 821 432 884; x_wconf 89' lang='lat' dir='ltr'><strong>quam</strong></span> <span class='ocrx_word' id='word_1_34' title='bbox 456 796 486 861; x_wconf 90' lang='lat' dir='ltr'>D</span> <span class='ocrx_word' id='word_1_35' title='bbox 516 802 549 863; x_wconf 87' lang='lat' dir='ltr'><strong>et</strong></span> <span class='ocrx_word' id='word_1_36' title='bbox 572 797 598 862; x_wconf 90' lang='lat' dir='ltr'>L</span> <span class='ocrx_word' id='word_1_37' title='bbox 622 799 660 863; x_wconf 88' lang='lat' dir='ltr'><strong>ad</strong></span> <span class='ocrx_word' id='word_1_38' title='bbox 684 820 794 863; x_wconf 89' lang='lat' dir='ltr'><strong>verum</strong></span> <span class='ocrx_word' id='word_1_39' title='bbox 822 798 957 879; x_wconf 87' lang='lat' dir='ltr'><strong>accedit,</strong></span> <span class='ocrx_word' id='word_1_40' title='bbox 988 797 1022 862; x_wconf 91' lang='lat' dir='ltr'><strong>in</strong></span> <span class='ocrx_word' id='word_1_41' title='bbox 1045 796 1105 864; x_wconf 87' lang='lat' dir='ltr'><strong>hac</strong></span> <span class='ocrx_word' id='word_1_42' title='bbox 1127 801 1221 883; x_wconf 88' lang='lat' dir='ltr'><strong>parte</strong></span> <span class='ocrx_word' id='word_1_43' title='bbox 1245 820 1360 864; x_wconf 85' lang='lat' dir='ltr'><strong>novem</strong></span> 
     </span>
     <span class='ocr_line' id='line_1_6' title="bbox 234 905 1360 995; baseline -0.004 -21"><span class='ocrx_word' id='word_1_44' title='bbox 234 908 463 995; x_wconf 83' lang='lat' dir='ltr'><strong>congessimus,</strong></span> <span class='ocrx_word' id='word_1_45' title='bbox 495 905 535 971; x_wconf 90' lang='lat' dir='ltr'><strong>ad</strong></span> <span class='ocrx_word' id='word_1_46' title='bbox 559 926 639 989; x_wconf 93' lang='lat' dir='ltr'><strong>quos</strong></span> <span class='ocrx_word' id='word_1_47' title='bbox 661 927 679 969; x_wconf 89' lang='lat' dir='ltr'><strong>e</strong></span> <span class='ocrx_word' id='word_1_48' title='bbox 702 905 808 991; x_wconf 89' lang='lat' dir='ltr'><strong>priore</strong></span> <span class='ocrx_word' id='word_1_49' title='bbox 832 907 870 972; x_wconf 90' lang='lat' dir='ltr'><strong>de</strong></span> <span class='ocrx_word' id='word_1_50' title='bbox 893 906 922 972; x_wconf 93' lang='lat' dir='ltr'><strong>G</strong></span> <span class='ocrx_word' id='word_1_51' title='bbox 944 911 1037 992; x_wconf 85' lang='lat' dir='ltr'><strong>parte</strong></span> <span class='ocrx_word' id='word_1_52' title='bbox 1062 906 1169 972; x_wconf 90' lang='lat' dir='ltr'><strong>decem</strong></span> <span class='ocrx_word' id='word_1_53' title='bbox 1194 907 1360 984; x_wconf 89' lang='lat' dir='ltr'><strong>accedunt,</strong></span> 
     </span>
     <span class='ocr_line' id='line_1_7' title="bbox 235 1010 1361 1099; baseline -0.003 -18"><span class='ocrx_word' id='word_1_54' title='bbox 235 1020 273 1082; x_wconf 91' lang='lat' dir='ltr'><strong>ut</strong></span> <span class='ocrx_word' id='word_1_55' title='bbox 312 1038 436 1080; x_wconf 89' lang='lat' dir='ltr'><strong>summa</strong></span> <span class='ocrx_word' id='word_1_56' title='bbox 477 1014 519 1077; x_wconf 87' lang='lat' dir='ltr'><strong>sit</strong></span> <span class='ocrx_word' id='word_1_57' title='bbox 554 1013 764 1099; x_wconf 86' lang='lat' dir='ltr'><strong>undeviginti.</strong></span> <span class='ocrx_word' id='word_1_58' title='bbox 824 1010 945 1078; x_wconf 87' lang='lat' dir='ltr'>Deinde</span> <span class='ocrx_word' id='word_1_59' title='bbox 980 1037 1035 1080; x_wconf 87' lang='lat' dir='ltr'><strong>sex</strong></span> <span class='ocrx_word' id='word_1_60' title='bbox 1071 1015 1148 1080; x_wconf 89' lang='lat' dir='ltr'><strong>locis</strong></span> <span class='ocrx_word' id='word_1_61' title='bbox 1182 1013 1361 1097; x_wconf 85' lang='lat' dir='ltr'><strong>scripturae</strong></span> 
     </span>
    </p>
   </div>
   <div class='ocr_carea' id='block_1_3' title="bbox 235 1119 1483 1207">
    <p class='ocr_par' dir='ltr' id='par_1_3' title="bbox 235 1119 1483 1207">
     <span class='ocr_line' id='line_1_8' title="bbox 235 1119 1483 1207; baseline -0.006 -16"><span class='ocrx_word' id='word_1_62' title='bbox 235 1123 422 1207; x_wconf 88' lang='lat' dir='ltr'><strong>compendia</strong></span> <span class='ocrx_word' id='word_1_63' title='bbox 452 1119 538 1186; x_wconf 84' lang='lat' dir='ltr'><strong>ino</strong></span> <span class='ocrx_word' id='word_1_64' title='bbox 570 1125 696 1187; x_wconf 85' lang='lat' dir='ltr'><strong>servata</strong></span> <span class='ocrx_word' id='word_1_65' title='bbox 728 1124 804 1185; x_wconf 90' lang='lat' dir='ltr'><strong>sunt</strong></span> <span class='ocrx_word' id='word_1_66' title='bbox 831 1144 850 1185; x_wconf 88' lang='lat' dir='ltr'><strong>a</strong></span> <span class='ocrx_word' id='word_1_67' title='bbox 874 1121 1014 1186; x_wconf 87' lang='lat' dir='ltr'><strong>librariis</strong></span> <span class='ocrx_word' id='word_1_68' title='bbox 1038 1122 1068 1186; x_wconf 92' lang='lat' dir='ltr'>D</span> <span class='ocrx_word' id='word_1_69' title='bbox 1092 1128 1126 1187; x_wconf 92' lang='lat' dir='ltr'><strong>et</strong></span> <span class='ocrx_word' id='word_1_70' title='bbox 1149 1122 1175 1187; x_wconf 90' lang='lat' dir='ltr'>L</span> <span class='ocrx_word' id='word_1_71' title='bbox 1198 1123 1282 1186; x_wconf 89' lang='lat' dir='ltr'><strong>maie</strong></span> <span class='ocrx_word' id='word_1_72' title='bbox 1306 1143 1362 1185; x_wconf 85' lang='lat' dir='ltr'><strong>ex·</strong></span> <span class='ocrx_word' id='word_1_73' title='bbox 1478 1127 1483 1137; x_wconf 94' lang='lat'>&#39;</span> 
     </span>
    </p>
   </div>
   <div class='ocr_carea' id='block_1_4' title="bbox 229 1228 1361 3563">
    <p class='ocr_par' dir='ltr' id='par_1_4' title="bbox 229 1228 1361 2931">
     <span class='ocr_line' id='line_1_9' title="bbox 233 1228 1361 1316; baseline -0.003 -21"><span class='ocrx_word' id='word_1_74' title='bbox 233 1232 362 1316; x_wconf 88' lang='lat' dir='ltr'><strong>plicata.</strong></span> <span class='ocrx_word' id='word_1_75' title='bbox 428 1228 537 1312; x_wconf 79' lang='lat' dir='ltr'><strong>Atque</strong></span> <span class='ocrx_word' id='word_1_76' title='bbox 580 1228 726 1296; x_wconf 88' lang='lat' dir='ltr'><strong>omnibus</strong></span> <span class='ocrx_word' id='word_1_77' title='bbox 766 1229 816 1294; x_wconf 93' lang='lat' dir='ltr'><strong>his</strong></span> <span class='ocrx_word' id='word_1_78' title='bbox 854 1229 932 1294; x_wconf 87' lang='lat' dir='ltr'><strong>locis</strong></span> <span class='ocrx_word' id='word_1_79' title='bbox 969 1229 1178 1312; x_wconf 76' lang='lat' dir='ltr'><strong>septuaginta</strong></span> <span class='ocrx_word' id='word_1_80' title='bbox 1217 1229 1361 1312; x_wconf 90' lang='lat' dir='ltr'><strong>quinque</strong></span> 
     </span>
     <span class='ocr_line' id='line_1_10' title="bbox 233 1335 1361 1420; baseline -0.004 -16"><span class='ocrx_word' id='word_1_81' title='bbox 233 1361 342 1404; x_wconf 87' lang='lat' dir='ltr'><strong>veram</strong></span> <span class='ocrx_word' id='word_1_82' title='bbox 366 1337 559 1420; x_wconf 68' lang='lat' dir='ltr'><strong>scripturam</strong></span> <span class='ocrx_word' id='word_1_83' title='bbox 582 1337 647 1400; x_wconf 91' lang='lat' dir='ltr'><strong>iam</strong></span> <span class='ocrx_word' id='word_1_84' title='bbox 663 1335 887 1401; x_wconf 88' lang='lat' dir='ltr'><strong>Lachmaunus</strong></span> <span class='ocrx_word' id='word_1_85' title='bbox 911 1336 1017 1401; x_wconf 88' lang='lat' dir='ltr'><strong>edidit.</strong></span> <span class='ocrx_word' id='word_1_86' title='bbox 1057 1335 1230 1402; x_wconf 88' lang='lat' dir='ltr'><strong>Praeterea</strong></span> <span class='ocrx_word' id='word_1_87' title='bbox 1250 1340 1361 1402; x_wconf 90' lang='lat' dir='ltr'><strong>autem</strong></span> 
     </span>
     <span class='ocr_line' id='line_1_11' title="bbox 233 1442 1361 1530; baseline -0.004 -20"><span class='ocrx_word' id='word_1_88' title='bbox 233 1449 304 1512; x_wconf 90' lang='lat' dir='ltr'><strong>octo</strong></span> <span class='ocrx_word' id='word_1_89' title='bbox 339 1451 415 1510; x_wconf 90' lang='lat' dir='ltr'><strong>sunt</strong></span> <span class='ocrx_word' id='word_1_90' title='bbox 438 1445 511 1524; x_wconf 88' lang='lat' dir='ltr'><strong>loci,</strong></span> <span class='ocrx_word' id='word_1_91' title='bbox 548 1483 587 1504; x_wconf 72' lang='lat'><strong>—-</strong></span> <span class='ocrx_word' id='word_1_92' title='bbox 624 1445 658 1509; x_wconf 90' lang='lat' dir='ltr'><strong>in</strong></span> <span class='ocrx_word' id='word_1_93' title='bbox 693 1442 753 1508; x_wconf 89' lang='lat' dir='ltr'><strong>hac</strong></span> <span class='ocrx_word' id='word_1_94' title='bbox 782 1443 1016 1509; x_wconf 71' lang='lat' dir='ltr'><strong>dissertationis</strong></span> <span class='ocrx_word' id='word_1_95' title='bbox 1045 1449 1139 1528; x_wconf 90' lang='lat' dir='ltr'><strong>parte</strong></span> <span class='ocrx_word' id='word_1_96' title='bbox 1169 1443 1293 1530; x_wconf 83' lang='lat' dir='ltr'><strong>egimus</strong></span> <span class='ocrx_word' id='word_1_97' title='bbox 1323 1443 1361 1507; x_wconf 92' lang='lat' dir='ltr'><strong>de</strong></span> 
     </span>
     <span class='ocr_line' id='line_1_12' title="bbox 232 1550 1359 1637; baseline -0.002 -19"><span class='ocrx_word' id='word_1_98' title='bbox 232 1555 354 1636; x_wconf 88' lang='lat' dir='ltr'><strong>tribus,</strong></span> <span class='ocrx_word' id='word_1_99' title='bbox 383 1554 417 1618; x_wconf 91' lang='lat' dir='ltr'><strong>in</strong></span> <span class='ocrx_word' id='word_1_100' title='bbox 446 1554 553 1637; x_wconf 91' lang='lat' dir='ltr'><strong>priore</strong></span> <span class='ocrx_word' id='word_1_101' title='bbox 581 1554 619 1617; x_wconf 92' lang='lat' dir='ltr'><strong>de</strong></span> <span class='ocrx_word' id='word_1_102' title='bbox 648 1552 789 1634; x_wconf 88' lang='lat' dir='ltr'><strong>quinque</strong></span> <span class='ocrx_word' id='word_1_103' title='bbox 812 1589 856 1600; x_wconf 90' lang='lat'>—</span> <span class='ocrx_word' id='word_1_104' title='bbox 888 1553 1003 1636; x_wconf 89' lang='lat' dir='ltr'><strong>quibus</strong></span> <span class='ocrx_word' id='word_1_105' title='bbox 1037 1575 1109 1618; x_wconf 93' lang='lat' dir='ltr'><strong>cum</strong></span> <span class='ocrx_word' id='word_1_106' title='bbox 1138 1556 1195 1618; x_wconf 89' lang='lat' dir='ltr'><strong>ant</strong></span> <span class='ocrx_word' id='word_1_107' title='bbox 1220 1550 1247 1617; x_wconf 91' lang='grc' dir='ltr'><strong>Ο</strong></span> <span class='ocrx_word' id='word_1_108' title='bbox 1272 1552 1359 1616; x_wconf 86' lang='lat' dir='ltr'><strong>solus</strong></span> 
     </span>
     <span class='ocr_line' id='line_1_13' title="bbox 233 1659 1358 1746; baseline -0.003 -20"><span class='ocrx_word' id='word_1_109' title='bbox 233 1665 290 1726; x_wconf 90' lang='lat' dir='ltr'><strong>aut</strong></span> <span class='ocrx_word' id='word_1_110' title='bbox 308 1659 334 1726; x_wconf 93' lang='grc' dir='ltr'>Ο</span> <span class='ocrx_word' id='word_1_111' title='bbox 351 1663 384 1724; x_wconf 94' lang='lat' dir='ltr'><strong>et</strong></span> <span class='ocrx_word' id='word_1_112' title='bbox 401 1659 428 1724; x_wconf 96' lang='lat' dir='ltr'><strong>G</strong></span> <span class='ocrx_word' id='word_1_113' title='bbox 453 1659 616 1724; x_wconf 89' lang='lat' dir='ltr'><strong>meliorem</strong></span> <span class='ocrx_word' id='word_1_114' title='bbox 638 1681 735 1744; x_wconf 89' lang='lat' dir='ltr'><strong>quam</strong></span> <span class='ocrx_word' id='word_1_115' title='bbox 757 1661 855 1724; x_wconf 87' lang='lat' dir='ltr'><strong>ceteri</strong></span> <span class='ocrx_word' id='word_1_116' title='bbox 871 1660 947 1725; x_wconf 88' lang='lat' dir='ltr'><strong>libri</strong></span> <span class='ocrx_word' id='word_1_117' title='bbox 963 1661 1153 1744; x_wconf 89' lang='lat' dir='ltr'><strong>scripturam</strong></span> <span class='ocrx_word' id='word_1_118' title='bbox 1170 1660 1358 1746; x_wconf 85' lang='lat' dir='ltr'><strong>praebeant,</strong></span> 
     </span>
     <span class='ocr_line' id='line_1_14' title="bbox 233 1765 1359 1853; baseline -0.003 -21"><span class='ocrx_word' id='word_1_119' title='bbox 233 1791 307 1833; x_wconf 87' lang='lat' dir='ltr'><strong>vera</strong></span> <span class='ocrx_word' id='word_1_120' title='bbox 332 1768 492 1853; x_wconf 90' lang='lat' dir='ltr'><strong>scriptura</strong></span> <span class='ocrx_word' id='word_1_121' title='bbox 519 1767 554 1832; x_wconf 90' lang='lat' dir='ltr'><strong>in</strong></span> <span class='ocrx_word' id='word_1_122' title='bbox 577 1765 774 1832; x_wconf 87' lang='lat' dir='ltr'><strong>Lachmauni</strong></span> <span class='ocrx_word' id='word_1_123' title='bbox 803 1766 941 1832; x_wconf 87' lang='lat' dir='ltr'><strong>editione</strong></span> <span class='ocrx_word' id='word_1_124' title='bbox 965 1767 1104 1833; x_wconf 89' lang='lat' dir='ltr'><strong>nondum</strong></span> <span class='ocrx_word' id='word_1_125' title='bbox 1128 1767 1278 1845; x_wconf 88' lang='lat' dir='ltr'><strong>habetur,</strong></span> <span class='ocrx_word' id='word_1_126' title='bbox 1304 1765 1359 1830; x_wconf 87' lang='lat' dir='ltr'><strong>sed</strong></span> 
     </span>
     <span class='ocr_line' id='line_1_15' title="bbox 232 1874 1359 1958; baseline -0.006 -15"><span class='ocrx_word' id='word_1_127' title='bbox 232 1879 273 1943; x_wconf 88' lang='lat' dir='ltr'><strong>ab</strong></span> <span class='ocrx_word' id='word_1_128' title='bbox 309 1876 380 1942; x_wconf 88' lang='lat' dir='ltr'><strong>aliis</strong></span> <span class='ocrx_word' id='word_1_129' title='bbox 415 1875 492 1940; x_wconf 83' lang='lat' dir='ltr'><strong>viris</strong></span> <span class='ocrx_word' id='word_1_130' title='bbox 522 1875 624 1940; x_wconf 91' lang='lat' dir='ltr'><strong>doctis</strong></span> <span class='ocrx_word' id='word_1_131' title='bbox 651 1878 823 1958; x_wconf 89' lang='lat' dir='ltr'><strong>antequam</strong></span> <span class='ocrx_word' id='word_1_132' title='bbox 852 1874 902 1939; x_wconf 90' lang='lat' dir='ltr'><strong>illi</strong></span> <span class='ocrx_word' id='word_1_133' title='bbox 931 1876 1052 1941; x_wconf 87' lang='lat' dir='ltr'><strong>codices</strong></span> <span class='ocrx_word' id='word_1_134' title='bbox 1080 1876 1115 1941; x_wconf 87' lang='lat' dir='ltr'><strong>in</strong></span> <span class='ocrx_word' id='word_1_135' title='bbox 1143 1895 1235 1938; x_wconf 87' lang='lat' dir='ltr'><strong>nsum</strong></span> <span class='ocrx_word' id='word_1_136' title='bbox 1264 1893 1359 1937; x_wconf 86' lang='lat' dir='ltr'><strong>voca·</strong></span> 
     </span>
     <span class='ocr_line' id='line_1_16' title="bbox 232 1981 1358 2068; baseline -0.004 -20"><span class='ocrx_word' id='word_1_137' title='bbox 232 1988 344 2050; x_wconf 86' lang='lat' dir='ltr'><strong>rentur</strong></span> <span class='ocrx_word' id='word_1_138' title='bbox 373 1986 505 2049; x_wconf 88' lang='lat' dir='ltr'><strong>inventa</strong></span> <span class='ocrx_word' id='word_1_139' title='bbox 529 1988 588 2049; x_wconf 90' lang='lat' dir='ltr'><strong>est.</strong></span> <span class='ocrx_word' id='word_1_140' title='bbox 636 1981 753 2048; x_wconf 89' lang='lat' dir='ltr'><strong>Nullus</strong></span> <span class='ocrx_word' id='word_1_141' title='bbox 776 1987 825 2048; x_wconf 89' lang='lat' dir='ltr'><strong>est</strong></span> <span class='ocrx_word' id='word_1_142' title='bbox 847 1984 950 2064; x_wconf 88' lang='lat' dir='ltr'><strong>locus,</strong></span> <span class='ocrx_word' id='word_1_143' title='bbox 979 2006 1042 2068; x_wconf 93' lang='lat' dir='ltr'><strong>quo</strong></span> <span class='ocrx_word' id='word_1_144' title='bbox 1065 1984 1162 2049; x_wconf 82' lang='lat' dir='ltr'><strong>codex</strong></span> <span class='ocrx_word' id='word_1_145' title='bbox 1187 1982 1214 2048; x_wconf 94' lang='grc' dir='ltr'>Ο</span> <span class='ocrx_word' id='word_1_146' title='bbox 1238 1981 1358 2046; x_wconf 90' lang='lat' dir='ltr'><strong>bonam</strong></span> 
     </span>
     <span class='ocr_line' id='line_1_17' title="bbox 232 2088 1358 2177; baseline -0.008 -20"><span class='ocrx_word' id='word_1_147' title='bbox 232 2094 422 2177; x_wconf 80' lang='lat' dir='ltr'><strong>scripturam</strong></span> <span class='ocrx_word' id='word_1_148' title='bbox 459 2113 575 2156; x_wconf 88' lang='lat' dir='ltr'><strong>novam</strong></span> <span class='ocrx_word' id='word_1_149' title='bbox 610 2095 643 2155; x_wconf 88' lang='lat' dir='ltr'><strong>et</strong></span> <span class='ocrx_word' id='word_1_150' title='bbox 678 2091 818 2157; x_wconf 89' lang='lat' dir='ltr'><strong>virorum</strong></span> <span class='ocrx_word' id='word_1_151' title='bbox 847 2093 1010 2158; x_wconf 88' lang='lat' dir='ltr'><strong>doctorum</strong></span> <span class='ocrx_word' id='word_1_152' title='bbox 1039 2089 1230 2157; x_wconf 88' lang='lat' dir='ltr'><strong>coniecturis</strong></span> <span class='ocrx_word' id='word_1_153' title='bbox 1260 2088 1358 2152; x_wconf 87' lang='lat' dir='ltr'><strong>antea</strong></span> 
     </span>
     <span class='ocr_line' id='line_1_18' title="bbox 231 2195 1355 2282; baseline -0.005 -20"><span class='ocrx_word' id='word_1_154' title='bbox 231 2220 294 2262; x_wconf 86' lang='lat' dir='ltr'><strong>uon</strong></span> <span class='ocrx_word' id='word_1_155' title='bbox 330 2201 490 2281; x_wconf 86' lang='lat' dir='ltr'><strong>repertam</strong></span> <span class='ocrx_word' id='word_1_156' title='bbox 525 2199 688 2280; x_wconf 89' lang='lat' dir='ltr'><strong>praebeat.</strong></span> <span class='ocrx_word' id='word_1_157' title='bbox 750 2196 860 2282; x_wconf 87' lang='lat' dir='ltr'><strong>Longo</strong></span> <span class='ocrx_word' id='word_1_158' title='bbox 899 2202 1006 2264; x_wconf 88' lang='lat' dir='ltr'><strong>autern</strong></span> <span class='ocrx_word' id='word_1_159' title='bbox 1045 2196 1192 2282; x_wconf 89' lang='lat' dir='ltr'><strong>piurimis</strong></span> <span class='ocrx_word' id='word_1_160' title='bbox 1225 2195 1355 2258; x_wconf 88' lang='lat' dir='ltr'><strong>illorum</strong></span> 
     </span>
     <span class='ocr_line' id='line_1_19' title="bbox 233 2303 1357 2390; baseline -0.004 -21"><span class='ocrx_word' id='word_1_161' title='bbox 233 2305 398 2390; x_wconf 86' lang='lat' dir='ltr'><strong>octoginta</strong></span> <span class='ocrx_word' id='word_1_162' title='bbox 427 2303 523 2367; x_wconf 89' lang='lat' dir='ltr'><strong>trium</strong></span> <span class='ocrx_word' id='word_1_163' title='bbox 547 2304 690 2368; x_wconf 91' lang='lat' dir='ltr'><strong>locorum</strong></span> <span class='ocrx_word' id='word_1_164' title='bbox 718 2304 817 2370; x_wconf 86' lang='lat' dir='ltr'><strong>falsae</strong></span> <span class='ocrx_word' id='word_1_165' title='bbox 840 2306 994 2370; x_wconf 87' lang='lat' dir='ltr'><strong>librorum</strong></span> <span class='ocrx_word' id='word_1_166' title='bbox 1019 2305 1048 2369; x_wconf 95' lang='lat' dir='ltr'>D</span> <span class='ocrx_word' id='word_1_167' title='bbox 1072 2303 1105 2372; x_wconf 88' lang='lat' dir='ltr'><strong>et</strong></span> <span class='ocrx_word' id='word_1_168' title='bbox 1128 2306 1154 2371; x_wconf 90' lang='lat' dir='ltr'>L</span> <span class='ocrx_word' id='word_1_169' title='bbox 1178 2305 1357 2387; x_wconf 81' lang='lat' dir='ltr'><strong>scripturae</strong></span> 
     </span>
     <span class='ocr_line' id='line_1_20' title="bbox 233 2409 1357 2499; baseline -0.002 -24"><span class='ocrx_word' id='word_1_170' title='bbox 233 2411 391 2477; x_wconf 87' lang='lat' dir='ltr'><strong>scribendi</strong></span> <span class='ocrx_word' id='word_1_171' title='bbox 424 2412 475 2476; x_wconf 85' lang='lat' dir='ltr'><strong>vel</strong></span> <span class='ocrx_word' id='word_1_172' title='bbox 502 2411 630 2496; x_wconf 87' lang='lat' dir='ltr'><strong>legendi</strong></span> <span class='ocrx_word' id='word_1_173' title='bbox 658 2409 818 2475; x_wconf 85' lang='lat' dir='ltr'><strong>erroribus</strong></span> <span class='ocrx_word' id='word_1_174' title='bbox 847 2413 1116 2499; x_wconf 83' lang='lat' dir='ltr'><strong>neglegentiaque</strong></span> <span class='ocrx_word' id='word_1_175' title='bbox 1144 2417 1234 2478; x_wconf 89' lang='lat' dir='ltr'><strong>ortae</strong></span> <span class='ocrx_word' id='word_1_176' title='bbox 1264 2412 1357 2487; x_wconf 92' lang='lat' dir='ltr'><strong>sunt;</strong></span> 
     </span>
     <span class='ocr_line' id='line_1_21' title="bbox 231 2518 1356 2605; baseline -0.002 -22"><span class='ocrx_word' id='word_1_177' title='bbox 231 2521 304 2583; x_wconf 90' lang='lat' dir='ltr'><strong>octo</strong></span> <span class='ocrx_word' id='word_1_178' title='bbox 328 2519 404 2584; x_wconf 89' lang='lat' dir='ltr'><strong>locis</strong></span> <span class='ocrx_word' id='word_1_179' title='bbox 429 2518 507 2605; x_wconf 84' lang='lat'><strong>(5,8.</strong></span> <span class='ocrx_word' id='word_1_180' title='bbox 535 2519 619 2598; x_wconf 86' lang='lat'>11‚3.</span> <span class='ocrx_word' id='word_1_181' title='bbox 642 2519 752 2599; x_wconf 84' lang='lat'><strong>44‚11.</strong></span> <span class='ocrx_word' id='word_1_182' title='bbox 768 2519 878 2596; x_wconf 84' lang='lat'><strong>45,10.</strong></span> <span class='ocrx_word' id='word_1_183' title='bbox 896 2522 982 2602; x_wconf 84' lang='lat'><strong>62,8.</strong></span> <span class='ocrx_word' id='word_1_184' title='bbox 997 2523 1050 2587; x_wconf 81' lang='lat'><strong>40.</strong></span> <span class='ocrx_word' id='word_1_185' title='bbox 1066 2523 1119 2590; x_wconf 85' lang='lat'><strong>63.</strong></span> <span class='ocrx_word' id='word_1_186' title='bbox 1139 2519 1227 2605; x_wconf 83' lang='lat'><strong>73,4)</strong></span> <span class='ocrx_word' id='word_1_187' title='bbox 1251 2520 1356 2584; x_wconf 87' lang='lat' dir='ltr'><strong>inter-</strong></span> 
     </span>
     <span class='ocr_line' id='line_1_22' title="bbox 231 2624 1356 2713; baseline 0 -25"><span class='ocrx_word' id='word_1_188' title='bbox 231 2625 410 2708; x_wconf 88' lang='lat' dir='ltr'><strong>polationes</strong></span> <span class='ocrx_word' id='word_1_189' title='bbox 433 2627 464 2689; x_wconf 91' lang='lat' dir='ltr'><strong>in</strong></span> <span class='ocrx_word' id='word_1_190' title='bbox 490 2624 520 2688; x_wconf 92' lang='lat' dir='ltr'>D</span> <span class='ocrx_word' id='word_1_191' title='bbox 543 2625 618 2691; x_wconf 89' lang='lat' dir='ltr'><strong>etL</strong></span> <span class='ocrx_word' id='word_1_192' title='bbox 642 2629 765 2704; x_wconf 82' lang='lat' dir='ltr'><strong>extant,</strong></span> <span class='ocrx_word' id='word_1_193' title='bbox 790 2650 872 2713; x_wconf 89' lang='lat' dir='ltr'><strong>quae</strong></span> <span class='ocrx_word' id='word_1_194' title='bbox 896 2631 1014 2696; x_wconf 87' lang='lat' dir='ltr'><strong>absunt</strong></span> <span class='ocrx_word' id='word_1_195' title='bbox 1038 2654 1056 2695; x_wconf 90' lang='lat' dir='ltr'><strong>a</strong></span> <span class='ocrx_word' id='word_1_196' title='bbox 1080 2629 1185 2695; x_wconf 91' lang='lat' dir='ltr'><strong>codice</strong></span> <span class='ocrx_word' id='word_1_197' title='bbox 1201 2626 1237 2694; x_wconf 90' lang='grc' dir='ltr'><strong>Ο.</strong></span> <span class='ocrx_word' id='word_1_198' title='bbox 1267 2625 1356 2691; x_wconf 91' lang='lat' dir='ltr'><strong>Illud</strong></span> 
     </span>
     <span class='ocr_line' id='line_1_23' title="bbox 229 2731 1356 2822; baseline 0.001 -28"><span class='ocrx_word' id='word_1_199' title='bbox 229 2731 332 2815; x_wconf 88' lang='lat' dir='ltr'><strong>igitur</strong></span> <span class='ocrx_word' id='word_1_200' title='bbox 370 2732 585 2815; x_wconf 87' lang='lat' dir='ltr'><strong>profitendum</strong></span> <span class='ocrx_word' id='word_1_201' title='bbox 623 2737 672 2798; x_wconf 89' lang='lat' dir='ltr'><strong>est</strong></span> <span class='ocrx_word' id='word_1_202' title='bbox 706 2734 844 2799; x_wconf 87' lang='lat' dir='ltr'><strong>codicem</strong></span> <span class='ocrx_word' id='word_1_203' title='bbox 879 2734 906 2800; x_wconf 90' lang='grc' dir='ltr'><strong>Ο</strong></span> <span class='ocrx_word' id='word_1_204' title='bbox 941 2737 1026 2803; x_wconf 88' lang='lat' dir='ltr'><strong>inter</strong></span> <span class='ocrx_word' id='word_1_205' title='bbox 1060 2737 1198 2822; x_wconf 87' lang='lat' dir='ltr'><strong>optimos</strong></span> <span class='ocrx_word' id='word_1_206' title='bbox 1233 2733 1356 2798; x_wconf 82' lang='lat' dir='ltr'><strong>Catulli</strong></span> 
     </span>
     <span class='ocr_line' id='line_1_24' title="bbox 230 2837 1218 2931; baseline 0.006 -29"><span class='ocrx_word' id='word_1_207' title='bbox 230 2839 330 2902; x_wconf 90' lang='lat' dir='ltr'><strong>libros</strong></span> <span class='ocrx_word' id='word_1_208' title='bbox 354 2837 535 2903; x_wconf 89' lang='lat' dir='ltr'><strong>habendum</strong></span> <span class='ocrx_word' id='word_1_209' title='bbox 559 2859 662 2923; x_wconf 89' lang='lat' dir='ltr'><strong>neque</strong></span> <span class='ocrx_word' id='word_1_210' title='bbox 687 2838 861 2906; x_wconf 86' lang='lat' dir='ltr'><strong>editoribus</strong></span> <span class='ocrx_word' id='word_1_211' title='bbox 884 2843 1116 2931; x_wconf 88' lang='lat' dir='ltr'><strong>neglegendum</strong></span> <span class='ocrx_word' id='word_1_212' title='bbox 1140 2866 1218 2909; x_wconf 88' lang='lat' dir='ltr'><strong>esse.</strong></span> 
     </span>
    </p>

    <p class='ocr_par' dir='ltr' id='par_1_5' title="bbox 229 2944 1355 3563">
     <span class='ocr_line' id='line_1_25' title="bbox 320 2944 1353 3033; baseline 0.004 -24"><span class='ocrx_word' id='word_1_213' title='bbox 320 2944 388 3012; x_wconf 91' lang='lat' dir='ltr'><strong>Iam</strong></span> <span class='ocrx_word' id='word_1_214' title='bbox 412 2968 484 3012; x_wconf 91' lang='lat' dir='ltr'><strong>cum</strong></span> <span class='ocrx_word' id='word_1_215' title='bbox 507 2946 547 3012; x_wconf 90' lang='lat' dir='ltr'><strong>ad</strong></span> <span class='ocrx_word' id='word_1_216' title='bbox 570 2963 685 3030; x_wconf 88' lang='lat' dir='ltr'><strong>pravas</strong></span> <span class='ocrx_word' id='word_1_217' title='bbox 709 2947 828 3013; x_wconf 89' lang='lat' dir='ltr'><strong>libriO</strong></span> <span class='ocrx_word' id='word_1_218' title='bbox 852 2951 1028 3033; x_wconf 89' lang='lat' dir='ltr'><strong>scripturas</strong></span> <span class='ocrx_word' id='word_1_219' title='bbox 1045 2974 1101 3018; x_wconf 91' lang='lat' dir='ltr'><strong>uos</strong></span> <span class='ocrx_word' id='word_1_220' title='bbox 1117 2953 1353 3028; x_wconf 85' lang='lat' dir='ltr'><strong>convertamus,</strong></span> 
     </span>
     <span class='ocr_line' id='line_1_26' title="bbox 229 3053 1355 3145; baseline 0.005 -28"><span class='ocrx_word' id='word_1_221' title='bbox 229 3054 366 3136; x_wconf 90' lang='lat' dir='ltr'><strong>primum</strong></span> <span class='ocrx_word' id='word_1_222' title='bbox 391 3055 429 3119; x_wconf 91' lang='lat' dir='ltr'><strong>de</strong></span> <span class='ocrx_word' id='word_1_223' title='bbox 453 3055 498 3118; x_wconf 90' lang='lat' dir='ltr'><strong>eis</strong></span> <span class='ocrx_word' id='word_1_224' title='bbox 521 3053 599 3120; x_wconf 90' lang='lat' dir='ltr'><strong>locis</strong></span> <span class='ocrx_word' id='word_1_225' title='bbox 622 3075 767 3140; x_wconf 83' lang='lat' dir='ltr'><strong>agemus,</strong></span> <span class='ocrx_word' id='word_1_226' title='bbox 797 3056 853 3120; x_wconf 89' lang='lat' dir='ltr'><strong>ubi</strong></span> <span class='ocrx_word' id='word_1_227' title='bbox 877 3057 1118 3141; x_wconf 87' lang='lat' dir='ltr'><strong>interpolatoris</strong></span> <span class='ocrx_word' id='word_1_228' title='bbox 1141 3081 1274 3145; x_wconf 87' lang='lat' dir='ltr'><strong>operam</strong></span> <span class='ocrx_word' id='word_1_229' title='bbox 1301 3080 1355 3124; x_wconf 93' lang='lat' dir='ltr'><strong>co-</strong></span> 
     </span>
     <span class='ocr_line' id='line_1_27' title="bbox 230 3160 1355 3251; baseline 0.006 -27"><span class='ocrx_word' id='word_1_230' title='bbox 230 3183 381 3247; x_wconf 85' lang='lat' dir='ltr'><strong>gnoscere</strong></span> <span class='ocrx_word' id='word_1_231' title='bbox 404 3162 495 3226; x_wconf 92' lang='lat' dir='ltr'><strong>nobis</strong></span> <span class='ocrx_word' id='word_1_232' title='bbox 518 3161 690 3229; x_wconf 88' lang='lat' dir='ltr'><strong>videamur.</strong></span> <span class='ocrx_word' id='word_1_233' title='bbox 723 3160 917 3229; x_wconf 90' lang='lat' dir='ltr'><strong>Monendum</strong></span> <span class='ocrx_word' id='word_1_234' title='bbox 941 3167 1047 3231; x_wconf 88' lang='lat' dir='ltr'><strong>autem</strong></span> <span class='ocrx_word' id='word_1_235' title='bbox 1072 3171 1120 3231; x_wconf 90' lang='lat' dir='ltr'><strong>est</strong></span> <span class='ocrx_word' id='word_1_236' title='bbox 1141 3168 1175 3232; x_wconf 91' lang='lat' dir='ltr'><strong>in</strong></span> <span class='ocrx_word' id='word_1_237' title='bbox 1192 3166 1300 3251; x_wconf 88' lang='lat' dir='ltr'><strong>priore</strong></span> <span class='ocrx_word' id='word_1_238' title='bbox 1316 3165 1355 3231; x_wconf 88' lang='lat' dir='ltr'><strong>de</strong></span> 
     </span>
     <span class='ocr_line' id='line_1_28' title="bbox 229 3265 1354 3356; baseline 0.008 -24"><span class='ocrx_word' id='word_1_239' title='bbox 229 3265 379 3332; x_wconf 90' lang='lat' dir='ltr'><strong>codioeG</strong></span> <span class='ocrx_word' id='word_1_240' title='bbox 402 3271 494 3351; x_wconf 87' lang='lat' dir='ltr'><strong>parte</strong></span> <span class='ocrx_word' id='word_1_241' title='bbox 518 3288 574 3331; x_wconf 92' lang='lat' dir='ltr'><strong>nos</strong></span> <span class='ocrx_word' id='word_1_242' title='bbox 597 3270 660 3334; x_wconf 87' lang='lat' dir='ltr'><strong>iam</strong></span> <span class='ocrx_word' id='word_1_243' title='bbox 685 3268 762 3336; x_wconf 88' lang='lat' dir='ltr'><strong>duos</strong></span> <span class='ocrx_word' id='word_1_244' title='bbox 785 3270 880 3336; x_wconf 90' lang='lat' dir='ltr'><strong>huius</strong></span> <span class='ocrx_word' id='word_1_245' title='bbox 904 3273 1029 3356; x_wconf 88' lang='lat' dir='ltr'><strong>generis</strong></span> <span class='ocrx_word' id='word_1_246' title='bbox 1051 3274 1135 3340; x_wconf 90' lang='lat' dir='ltr'><strong>locos</strong></span> <span class='ocrx_word' id='word_1_247' title='bbox 1152 3273 1354 3353; x_wconf 82' lang='lat' dir='ltr'><strong>tractavisse,</strong></span> 
     </span>
     <span class='ocr_line' id='line_1_29' title="bbox 230 3372 1355 3468; baseline 0.01 -31"><span class='ocrx_word' id='word_1_248' title='bbox 230 3373 329 3451; x_wconf 87' lang='lat'><strong>66,83</strong></span> <span class='ocrx_word' id='word_1_249' title='bbox 354 3377 452 3438; x_wconf 81' lang='lat' dir='ltr'><strong>colitis</strong></span> <span class='ocrx_word' id='word_1_250' title='bbox 476 3375 508 3436; x_wconf 92' lang='lat' dir='ltr'><strong>et</strong></span> <span class='ocrx_word' id='word_1_251' title='bbox 531 3372 630 3451; x_wconf 85' lang='lat'><strong>42,14</strong></span> <span class='ocrx_word' id='word_1_252' title='bbox 653 3386 755 3457; x_wconf 79' lang='lat' dir='ltr'><strong>potes,</strong></span> <span class='ocrx_word' id='word_1_253' title='bbox 783 3376 897 3460; x_wconf 88' lang='lat' dir='ltr'><strong>quibus</strong></span> <span class='ocrx_word' id='word_1_254' title='bbox 922 3377 948 3442; x_wconf 90' lang='grc' dir='ltr'>Ο</span> <span class='ocrx_word' id='word_1_255' title='bbox 973 3380 1105 3446; x_wconf 90' lang='lat' dir='ltr'><strong>eandem</strong></span> <span class='ocrx_word' id='word_1_256' title='bbox 1128 3387 1226 3468; x_wconf 88' lang='lat' dir='ltr'><strong>atque</strong></span> <span class='ocrx_word' id='word_1_257' title='bbox 1250 3381 1278 3446; x_wconf 91' lang='lat' dir='ltr'><strong>G</strong></span> <span class='ocrx_word' id='word_1_258' title='bbox 1303 3383 1355 3448; x_wconf 89' lang='lat' dir='ltr'><strong>in·</strong></span> 
     </span>
     <span class='ocr_line' id='line_1_30' title="bbox 229 3479 643 3563; baseline 0.005 -21"><span class='ocrx_word' id='word_1_259' title='bbox 229 3479 476 3562; x_wconf 90' lang='lat' dir='ltr'><strong>terpolationem</strong></span> <span class='ocrx_word' id='word_1_260' title='bbox 500 3481 643 3563; x_wconf 88' lang='lat' dir='ltr'><strong>praebet.</strong></span> 
     </span>
    </p>
   </div>
   <div class='ocr_carea' id='block_1_5' title="bbox 226 3584 1354 4317">
    <p class='ocr_par' dir='ltr' id='par_1_6' title="bbox 321 3584 1303 3885">
     <span class='ocr_line' id='line_1_31' title="bbox 321 3584 442 3664; baseline 0.033 -17"><span class='ocrx_word' id='word_1_261' title='bbox 321 3584 442 3664; x_wconf 84' lang='lat'><strong>64,353</strong></span> 
     </span>
     <span class='ocr_line' id='line_1_32' title="bbox 390 3694 1303 3783; baseline 0.021 -28"><span class='ocrx_word' id='word_1_262' title='bbox 390 3694 540 3777; x_wconf 83' lang='lat' dir='ltr'><strong>Namque,</strong></span> <span class='ocrx_word' id='word_1_263' title='bbox 564 3696 643 3758; x_wconf 83' lang='lat' dir='ltr'><strong>velot</strong></span> <span class='ocrx_word' id='word_1_264' title='bbox 667 3697 779 3762; x_wconf 82' lang='lat' dir='ltr'><strong>densos</strong></span> <span class='ocrx_word' id='word_1_265' title='bbox 803 3720 1011 3783; x_wconf 81' lang='lat' dir='ltr'><strong>praecerpens</strong></span> <span class='ocrx_word' id='word_1_266' title='bbox 1035 3707 1162 3770; x_wconf 80' lang='lat' dir='ltr'><strong>cultor</strong></span> <span class='ocrx_word' id='word_1_267' title='bbox 1186 3711 1303 3774; x_wconf 71' lang='lat' dir='ltr'><strong>artatas</strong></span> 
     </span>
     <span class='ocr_line' id='line_1_33' title="bbox 390 3803 1107 3885; baseline 0.021 -21"><span class='ocrx_word' id='word_1_268' title='bbox 390 3803 460 3866; x_wconf 80' lang='lat' dir='ltr'><strong>Sole</strong></span> <span class='ocrx_word' id='word_1_269' title='bbox 483 3803 539 3867; x_wconf 85' lang='lat' dir='ltr'><strong>sub</strong></span> <span class='ocrx_word' id='word_1_270' title='bbox 563 3805 684 3868; x_wconf 81' lang='lat' dir='ltr'><strong>ardenti</strong></span> <span class='ocrx_word' id='word_1_271' title='bbox 706 3805 851 3885; x_wconf 73' lang='lat' dir='ltr'><strong>flaventia</strong></span> <span class='ocrx_word' id='word_1_272' title='bbox 874 3810 995 3874; x_wconf 74' lang='lat' dir='ltr'><strong>demetit</strong></span> <span class='ocrx_word' id='word_1_273' title='bbox 1019 3833 1107 3878; x_wconf 84' lang='lat' dir='ltr'><strong>aron.</strong></span> 
     </span>
    </p>

    <p class='ocr_par' dir='ltr' id='par_1_7' title="bbox 226 3903 1354 4317">
     <span class='ocr_line' id='line_1_34' title="bbox 317 3903 1354 4012; baseline 0.019 -44"><span class='ocrx_word' id='word_1_274' title='bbox 317 3903 405 3972; x_wconf 90' lang='lat' dir='ltr'><strong>Haec</strong></span> <span class='ocrx_word' id='word_1_275' title='bbox 419 3912 469 3973; x_wconf 89' lang='lat' dir='ltr'><strong>est</strong></span> <span class='ocrx_word' id='word_1_276' title='bbox 481 3909 642 3992; x_wconf 88' lang='lat' dir='ltr'><strong>scriptura</strong></span> <span class='ocrx_word' id='word_1_277' title='bbox 654 3911 795 3976; x_wconf 91' lang='lat' dir='ltr'><strong>codicum</strong></span> <span class='ocrx_word' id='word_1_278' title='bbox 808 3912 874 3979; x_wconf 81' lang='lat' dir='ltr'><strong>fere</strong></span> <span class='ocrx_word' id='word_1_279' title='bbox 888 3918 1039 3999; x_wconf 89' lang='lat' dir='ltr'><strong>omnium,</strong></span> <span class='ocrx_word' id='word_1_280' title='bbox 1057 3921 1119 3984; x_wconf 92' lang='lat' dir='ltr'><strong>nisi</strong></span> <span class='ocrx_word' id='word_1_281' title='bbox 1136 3922 1221 4004; x_wconf 92' lang='lat' dir='ltr'><strong>quod</strong></span> <span class='ocrx_word' id='word_1_282' title='bbox 1233 3922 1269 3987; x_wconf 92' lang='lat' dir='ltr'><strong>in</strong></span> <span class='ocrx_word' id='word_1_283' title='bbox 1282 3921 1354 4012; x_wconf 78' lang='lat' dir='ltr'><strong>Det</strong></span> 
     </span>
     <span class='ocr_line' id='line_1_35' title="bbox 227 4011 1352 4112; baseline 0.021 -39"><span class='ocrx_word' id='word_1_284' title='bbox 227 4011 261 4073; x_wconf 92' lang='lat' dir='ltr'><strong>in</strong></span> <span class='ocrx_word' id='word_1_285' title='bbox 293 4013 437 4099; x_wconf 85' lang='lat' dir='ltr'><strong>margine</strong></span> <span class='ocrx_word' id='word_1_286' title='bbox 468 4014 631 4080; x_wconf 91' lang='lat' dir='ltr'><strong>codicisL</strong></span> <span class='ocrx_word' id='word_1_287' title='bbox 661 4041 776 4084; x_wconf 75' lang='lat' dir='ltr'><strong>neesson</strong></span> <span class='ocrx_word' id='word_1_288' title='bbox 804 4026 969 4087; x_wconf 87' lang='lat' dir='ltr'><strong>exaratum</strong></span> <span class='ocrx_word' id='word_1_289' title='bbox 998 4030 1055 4091; x_wconf 88' lang='lat' dir='ltr'><strong>est.</strong></span> <span class='ocrx_word' id='word_1_290' title='bbox 1106 4027 1211 4095; x_wconf 80' lang='lat' dir='ltr'><strong>Cultor</strong></span> <span class='ocrx_word' id='word_1_291' title='bbox 1239 4032 1267 4094; x_wconf 88' lang='lat' dir='ltr'><strong>is</strong></span> <span class='ocrx_word' id='word_1_292' title='bbox 1291 4035 1352 4112; x_wconf 91' lang='lat' dir='ltr'><strong>est,</strong></span> 
     </span>
     <span class='ocr_line' id='line_1_36' title="bbox 227 4119 1353 4224; baseline 0.02 -44"><span class='ocrx_word' id='word_1_293' title='bbox 227 4119 283 4201; x_wconf 90' lang='lat' dir='ltr'><strong>qui</strong></span> <span class='ocrx_word' id='word_1_294' title='bbox 306 4119 427 4202; x_wconf 88' lang='lat' dir='ltr'><strong>aliquid</strong></span> <span class='ocrx_word' id='word_1_295' title='bbox 457 4120 549 4200; x_wconf 90' lang='lat' dir='ltr'><strong>colit,</strong></span> <span class='ocrx_word' id='word_1_296' title='bbox 582 4126 709 4189; x_wconf 85' lang='lat' dir='ltr'><strong>etcum</strong></span> <span class='ocrx_word' id='word_1_297' title='bbox 733 4127 856 4193; x_wconf 92' lang='lat' dir='ltr'><strong>colendi</strong></span> <span class='ocrx_word' id='word_1_298' title='bbox 880 4131 1010 4194; x_wconf 87' lang='lat' dir='ltr'><strong>verbum</strong></span> <span class='ocrx_word' id='word_1_299' title='bbox 1033 4132 1183 4214; x_wconf 86' lang='lat' dir='ltr'><strong>primitus</strong></span> <span class='ocrx_word' id='word_1_300' title='bbox 1208 4137 1246 4202; x_wconf 89' lang='lat' dir='ltr'><strong>de</strong></span> <span class='ocrx_word' id='word_1_301' title='bbox 1271 4161 1353 4224; x_wconf 88' lang='lat' dir='ltr'><strong>agro</strong></span> 
     </span>
     <span class='ocr_line' id='line_1_37' title="bbox 226 4224 1352 4317; baseline 0.02 -27"><span class='ocrx_word' id='word_1_302' title='bbox 226 4224 428 4306; x_wconf 88' lang='lat' dir='ltr'><strong>adhibeatur,</strong></span> <span class='ocrx_word' id='word_1_303' title='bbox 453 4231 551 4294; x_wconf 80' lang='lat' dir='ltr'><strong>cultor</strong></span> <span class='ocrx_word' id='word_1_304' title='bbox 574 4233 623 4294; x_wconf 85' lang='lat' dir='ltr'><strong>est</strong></span> <span class='ocrx_word' id='word_1_305' title='bbox 646 4234 787 4317; x_wconf 87' lang='lat' dir='ltr'><strong>agricola</strong></span> <span class='ocrx_word' id='word_1_306' title='bbox 811 4237 844 4297; x_wconf 90' lang='lat' dir='ltr'><strong>et</strong></span> <span class='ocrx_word' id='word_1_307' title='bbox 866 4234 949 4301; x_wconf 90' lang='lat' dir='ltr'><strong>hanc</strong></span> <span class='ocrx_word' id='word_1_308' title='bbox 973 4239 1136 4306; x_wconf 89' lang='lat' dir='ltr'><strong>notionem</strong></span> <span class='ocrx_word' id='word_1_309' title='bbox 1160 4242 1262 4310; x_wconf 89' lang='lat' dir='ltr'><strong>habet</strong></span> <span class='ocrx_word' id='word_1_310' title='bbox 1284 4245 1352 4311; x_wconf 86' lang='lat' dir='ltr'><strong>sive</strong></span> 
     </span>
    </p>
   </div>
   <div class='ocr_carea' id='block_1_6' title="bbox 0 0 1624 4938">
    <p class='ocr_par' dir='ltr' id='par_1_8' title="bbox 0 0 1624 4938">
     <span class='ocr_line' id='line_1_38' title="bbox 0 0 1624 4938; baseline 0 3"><span class='ocrx_word' id='word_1_311' title='bbox 0 0 1624 4938; x_wconf 95' lang='lat' dir='ltr'><strong> </strong></span> 
     </span>
    </p>
   </div>
  </div>
 </body>
</html>
