3240 4938
776 285 817 349 72

235 469 337 534 solum
365 469 399 532 in
428 465 559 532 lieentia
588 466 736 547 metrica,
766 464 819 530 sed
848 464 945 529 etiam
969 465 1001 528 in
1031 463 1191 529 sententia
1214 464 1356 541 oiieudit,

235 579 333 662 negat
357 575 442 641 euim
469 572 531 639 dici
554 593 659 656 posse:

453 684 527 746 Uno
551 685 603 763 qul
625 684 661 744 la
684 682 785 743 salla
808 691 850 744 lol
875 683 957 745 baua
980 682 1196 762 possideat,

395 792 506 866 Prata,
530 809 619 865 arca,
643 791 778 869 luqeales
800 791 894 852 siluas
917 791 1100 870 saltusque
1114 789 1311 868 paludesque.

235 896 320 962 Hinc
344 896 505 982 protectus
533 893 742 977 plurimorum
772 895 931 960 librorum
952 895 1143 978 scripturam
1170 895 1359 960 reiciendum

236 1026 303 1071 esse
331 1008 439 1070 censet
467 1022 568 1084 neque
598 1021 671 1064 vero
700 1002 880 1070 coniectura
910 1024 989 1087 opus
1018 1025 1099 1079 esse;
1135 1025 1246 1068 verum
1275 1004 1359 1068 euim

235 1112 348 1178 haberi
376 1112 408 1175 in
434 1106 479 1172 D:
504 1111 644 1191 altasque
670 1113 813 1189 paludem
849 1111 942 1175 facile
965 1112 1074 1174 autem
1097 1108 1234 1192 perspici
1257 1130 1358 1190 possa,

236 1218 392 1306 quomodo
422 1239 461 1282 ex
489 1215 551 1281 hae
579 1216 738 1300 scriptura
767 1221 875 1282 ortum
903 1218 945 1282 sit
971 1217 1052 1282 illud
1079 1221 1235 1299 saltusque
1263 1219 1357 1296 pala-

237 1331 367 1412 desque3
402 1325 542 1409 primum
571 1346 629 1409 pro
659 1328 753 1390 siloas
782 1330 922 1409 ollasque
949 1329 1080 1410 paludes
1109 1324 1264 1408 scriptum
1293 1344 1359 1387 esse

236 1436 333 1500 siloas
361 1435 517 1516 saltusque
545 1435 692 1516 paludes,
726 1431 757 1494 id
788 1434 871 1516 quod
901 1434 999 1498 etiam
1028 1455 1111 1498 nunc
1139 1433 1172 1495 iu
1201 1431 1360 1497 codicibus

237 1541 428 1626 quibusdam
451 1543 557 1616 extat3
586 1544 699 1605 tuma
728 1540 861 1605 librario
889 1529 1066 1606 sententiae
1094 1561 1188 1606 causa
1216 1539 1360 1604 additum

239 1670 305 1715 esse
340 1649 534 1734 particulam
568 1672 634 1733 que.
688 1648 794 1732 Atque
829 1648 863 1713 in
894 1649 1032 1726 ratione,
1057 1670 1131 1732 'qua
1166 1670 1204 1713 ex
1239 1647 1359 1712 Dataui

240 1760 401 1844 scriptura
424 1756 514 1822 illam
538 1758 674 1823 alteram
699 1759 804 1821 ortam
827 1779 893 1822 esse
915 1760 1020 1842 putat,
1045 1757 1255 1823 concedamus
1278 1755 1360 1819 nihil

237 1868 340 1934 inesse
369 1865 452 1950 quod
482 1887 543 1930 uon
574 1863 705 1951 probari
733 1863 843 1946 possit,
872 1865 934 1929 etsi
956 1865 1092 1932 fortusse
1115 1887 1179 1930 uon
1202 1867 1250 1932 ita
1272 1866 1360 1931 facili

237 1998 343 2042 errore
370 1997 428 2060 pro
458 1978 599 2058 altasque
627 1971 723 2056 scribi
750 1975 880 2056 poterat
902 1977 1067 2059 saltusque.
1116 1972 1177 2038 Sed
1198 1968 1276 2058 quid
1301 1974 1361 2037 sibi

238 2085 309 2149 vult
332 2083 392 2148 hoc
416 2083 484 2146 loco
508 2081 700 2146 adiectivum
724 2082 825 2144 allus?
871 2081 908 2146 Id
932 2083 1075 2166 profecto
1099 2083 1168 2169 agit
1190 2085 1296 2166 poeta,
1324 2085 1361 2145 ut

238 2189 406 2256 Mentulae
440 2189 649 2275 possessiones
683 2211 818 2274 magnas
848 2193 944 2275 atque
973 2190 1121 2276 ingentes
1150 2211 1216 2256 esse
1238 2192 1359 2272 doceat.

238 2297 365 2382 Aptans
388 2297 490 2382 igitur
514 2295 644 2378 paludes
666 2296 753 2360 ultae
769 2297 789 2363 i.
808 2320 833 2362 e.
850 2297 1026 2380 profundae
1042 2299 1218 2363 vocantur?
1248 2297 1360 2376 Immo,

241 2402 396 2487 siquidem
420 2402 614 2469 adieetirum
637 2404 697 2468 hoc
720 2404 788 2470 loeo
812 2405 911 2482 latet,
941 2405 1035 2490 longe
1059 2406 1189 2489 lateque
1213 2408 1362 2471 extentae

238 2510 388 2576 dicendae
412 2513 514 2576 erant.
558 2510 606 2576 De
623 2510 745 2578 Datan'i
768 2513 869 2599 igitur
892 2511 1051 2596 scriptura
1075 2517 1182 2578 actum
1206 2515 1283 2591 erit3
1308 2513 1362 2577 sed

238 2639 276 2684 ex
300 2640 337 2684 ea
360 2618 522 2704 profectus
546 2618 760 2688 Rossbachius
782 2643 840 2705 pro
864 2624 946 2686 allus
969 2621 1096 2704 scripsit
1119 2625 1215 2687 latas:

399 2731 498 2792 Prata
522 2749 601 2792 arca
624 2733 760 2811 laqeules
782 2732 877 2794 siloas
902 2733 1041 2812 latasque
1061 2731 1200 2808 paludes.

238 2835 282 2902 Et
316 2835 394 2901 haee
428 2834 588 2920 scriptura
622 2837 648 2900 si
683 2837 773 2902 libris
808 2835 1004 2913 traderetur,
1035 2857 1099 2900 nou
1123 2841 1219 2916 esset,
1245 2859 1301 2903 cur
1324 2836 1362 2902 de

240 2969 277 3013 ca
301 2944 531 3011 dubitaremus.
572 2942 633 3012 Sed
657 2947 807 3031 quoniam
831 2945 863 3010 iu
890 2942 979 3009 libris
1004 2965 1064 3008 uon
1092 2945 1228 3011 habetur
1249 2951 1282 3010 et
1298 2947 1362 3012 iam
1446 2981 1450 2988 ·

240 3054 404 3122 difficilius
428 3058 477 3120 est
507 3055 546 3120 ad
570 3056 804 3141 explicandum,
833 3077 897 3140 qua
926 3052 1048 3117 ratione
1083 3057 1238 3138 sallusque
1265 3059 1361 3137 palu-

239 3167 351 3248 desque
375 3184 413 3227 ex
437 3184 473 3227 ea
496 3167 605 3230 ortum
628 3165 685 3242 sit,
716 3162 904 3246 priusquam
927 3183 998 3227 eam
1021 3160 1224 3244 recipiamus,
1253 3164 1362 3247 paullo

241 3270 422 3337 accuratius
458 3271 669 3338 examinanda
704 3274 753 3335 est
787 3270 960 3354 scriptura,
993 3291 1089 3354 quam
1123 3268 1295 3336 Boehmius
1330 3276 1363 3336 et

240 3377 455 3443 Rossbachius
487 3378 674 3445 reiecerunt.
721 3377 769 3445 Ac
798 3379 937 3460 primum
966 3379 1000 3444 iu
1029 3379 1216 3444 hexametro
1245 3379 1363 3464 hyper-

240 3485 398 3551 catalecto
434 3483 460 3548 is
496 3505 561 3549 uon
595 3485 748 3566 offendet,
785 3486 840 3571 qui
876 3487 1120 3568 perlustraverit
1150 3507 1231 3569 quae
1259 3487 1364 3554 Lach-

241 3613 378 3658 maunus
402 3593 434 3656 iu
459 3613 572 3658 eornm.
597 3593 630 3657 iu
654 3591 837 3658 Lucretium
860 3615 890 3676 p.
917 3593 955 3658 81
983 3595 1151 3680 congessit.
1192 3594 1236 3659 Et
1260 3597 1363 3681 ipsum

242 3699 430 3766 Boehmium
471 3702 543 3787 plus
582 3702 731 3767 tribuisse
767 3698 844 3764 vitio
883 3702 966 3784 quod
1000 3702 1033 3766 in
1069 3705 1230 3769 sententia
1263 3706 1364 3770 inesse

244 3808 392 3893 putabat,
423 3831 519 3895 quam
549 3809 697 3875 licentiae
725 3809 876 3874 metricae
905 3811 1065 3894 exipsius
1089 3812 1194 3878 verbis
1218 3816 1363 3897 apparet.

241 3913 354 3999 Neque
378 3939 453 3984 vero
476 3918 668 3985 sententiam
692 3921 778 3983 stare
803 3918 996 4004 negaverim.
1036 3915 1160 3984 Nomen
1181 3916 1265 3981 euim
1283 3917 1364 3982 illud

242 4026 339 4090 sallus
363 4024 483 4110 duplici
505 4026 536 4090 vi
560 4028 595 4091 in
618 4025 678 4092 hoc
702 4027 841 4092 carmine
866 4029 1055 4110 usurpatur:
1086 4027 1117 4091 in
1142 4027 1248 4110 priore
1272 4045 1364 4090 versu

242 4135 291 4196 est
307 4131 481 4216 praedium,
499 4135 663 4217 possessio,
680 4155 761 4219 quae
777 4134 859 4200 varii
874 4133 1001 4221 generis
1017 4155 1112 4221 agros
1128 4135 1362 4219 complectitur,

243 4239 276 4305 in
292 4239 395 4307 altero
410 4260 503 4306 versu
519 4243 650 4326 propria
661 4242 895 4328 significatione
909 4243 946 4308 de
963 4242 1043 4308 certi
1059 4243 1223 4312 cuiusdam
1238 4243 1363 4331 generis
