3240 4938
784 317 827 386 54

196 555 199 564 .
335 499 432 565 Hunc
461 519 588 564 versum
616 498 680 564 iam
709 517 806 581 supra
835 497 879 582 (p.
910 493 967 583 33)
996 496 1042 561 sic
1070 495 1272 561 scribendum
1301 517 1368 559 esse

246 607 465 692 probavimus:

406 735 477 798 Nilo
499 734 641 797 mundius
663 733 731 808 hoo,
754 732 907 813 nihiloque
929 731 1112 795 immundior
1133 731 1193 793 iile.

246 860 286 925 In
310 859 339 925 D
363 879 472 925 versus
495 857 542 921 ita
566 857 716 920 exaratus
739 859 803 922 est:

407 986 509 1049 Nihilo
532 983 674 1047 mundior
695 984 753 1047 hoo
775 984 868 1048 nihilo
889 984 1073 1047 immundior
1093 983 1153 1053 illo,

248 1115 282 1177 et
305 1109 473 1176 Schwabio
500 1110 583 1174 teste
611 1130 630 1172 a
657 1106 795 1174 secunda
824 1129 922 1172 manu
951 1111 1026 1173 ante
1054 1127 1162 1172 vocem
1190 1106 1372 1170 immundior

249 1219 393 1286 additum
417 1221 466 1282 est
489 1217 620 1282 verbum
645 1226 698 1281 est.
746 1213 807 1280 Sed
831 1215 910 1281 haec
932 1237 1036 1301 neque
1059 1213 1168 1304 addito
1191 1213 1249 1278 illo
1275 1211 1372 1277 verbo

248 1348 351 1409 neque
374 1324 490 1390 omisso
506 1325 701 1389 sententiam
717 1325 871 1408 praebent
888 1344 1022 1407 eamque
1045 1324 1085 1389 ob
1109 1344 1238 1388 causam
1261 1344 1280 1385 a
1302 1341 1372 1385 cor-

250 1437 374 1499 rectore
398 1435 471 1497 orta
495 1453 561 1498 esse
589 1453 651 1497 non
676 1434 819 1515 possunt.
867 1429 928 1496 Sed
951 1451 1023 1495 erim
1047 1431 1076 1496 D
1100 1429 1263 1495 derivatus
1286 1426 1373 1492 vide-

251 1543 326 1606 atur
361 1562 401 1606 ex
429 1541 534 1606 codice
563 1542 618 1623 qui
648 1519 848 1605 correctoris*
864 1561 993 1603 manum
1022 1559 1132 1623 passus
1161 1540 1248 1615 erat,
1278 1535 1373 1601 facile

250 1649 354 1714 oritur
377 1648 524 1735 suspicio,
548 1669 587 1713 ne
603 1648 725 1714 Datani
747 1647 899 1713 librarius
922 1645 1092 1732 archetypi
1115 1646 1164 1710 sui
1180 1644 1374 1730 scripturam

251 1781 270 1823 a
305 1761 482 1823 correctore
517 1757 574 1821 illo
609 1756 756 1822 effectam
791 1754 1059 1840 pessumdederih;
1094 1776 1131 1820 ea
1166 1752 1252 1819 haud
1280 1752 1374 1817 dubie

253 1865 332 1931 haec
354 1864 433 1930 fuit:

410 1993 481 2057 Nilo
515 1991 658 2056 mundior
695 1992 744 2054 hio
783 1987 840 2074 (sc.
871 1988 991 2075 culus),
1030 1991 1150 2072 niloque
1187 1989 1374 2054 immundior

926 2100 979 2163 illo
1003 2094 1059 2185 (sc.
1083 2098 1162 2185 ore).

252 2221 360 2307 Atque
390 2225 423 2288 in
454 2223 516 2287 bac
544 2225 642 2289 rerba
664 2226 848 2289 immundior
870 2227 923 2290 illo
946 2225 1068 2290 censori
1093 2224 1200 2290 deberi
1223 2227 1377 2309 apparet;

253 2330 305 2396 scd
336 2329 467 2396 difficile
495 2329 704 2410 diiudicatur,
740 2335 851 2395 utrum
878 2335 1046 2416 nihiloque,
1075 2355 1133 2418 pro
1161 2331 1276 2418 qqu
1305 2354 1376 2397 cum

254 2437 367 2502 ceteris
395 2437 555 2522 plerisque
590 2460 758 2522 perperam
782 2441 928 2524 nobisque
951 2439 1096 2520 exhibet,
1129 2440 1313 2506 coniectura
1335 2439 1377 2505 ab

255 2546 363 2612 eodem
391 2546 581 2633 indagatum
611 2546 655 2613 sit
684 2570 727 2614 an
755 2569 772 2613 e
800 2548 885 2614 bono
913 2549 1002 2615 fonte
1029 2547 1170 2617 fluxerit.
1216 2551 1377 2633 Nihiloque

255 2677 315 2741 pro
338 2658 485 2740 nohieque
508 2654 689 2722 coniectura
712 2657 880 2723 inventum
903 2679 971 2723 esse
994 2658 1024 2723 ei
1046 2660 1177 2743 ponent,
1206 2656 1262 2740 qui
1284 2656 1314 2721 D
1338 2678 1377 2720 ex

255 2761 283 2826 G
306 2763 487 2828 derivatum
516 2784 583 2828 esse
611 2763 733 2829 volunt.
781 2765 819 2831 Id
846 2767 917 2831 fieri
945 2766 1087 2851 potuisse
1110 2787 1173 2830 non
1197 2764 1378 2851 praefracte

255 2869 441 2956 negaverim
469 2891 571 2954 neque
601 2892 675 2936 vero
704 2870 843 2958 libenter
870 2873 1030 2956 posuerim
1059 2872 1182 2938 iactum
1210 2893 1287 2938 esse.
1334 2871 1378 2936 Et

256 2979 283 3043 ei
306 2978 422 3044 codicis
446 2976 473 3043 Ο
497 2978 717 3044 testimonium
741 2979 936 3066 respicimus,
966 3004 1005 3046 ex
1028 3004 1091 3068 quo
1113 2984 1267 3064 nihiloque
1290 2982 1322 3044 in
1346 2979 1377 3043 V

255 3087 352 3154 fuisse
375 3090 511 3168 constat,
534 3087 561 3154 si
584 3086 663 3154 duos
685 3087 759 3153 illos
781 3088 865 3154 locos
881 3089 1076 3174 respicimus,
1099 3089 1138 3153 de
1154 3088 1270 3173 quibus
1286 3089 1378 3154 modo

256 3197 389 3280 egimus,
413 3195 611 3278 probabilius
633 3195 794 3262 videbitur
817 3197 915 3262 etiam
931 3197 1076 3264 hocloco
1091 3197 1262 3284 genuinam
1278 3195 1379 3280 scrip-

256 3307 364 3367 turam
387 3325 426 3367 ex
449 3298 481 3365 V
503 3302 538 3366 in
560 3302 591 3367 D
615 3303 791 3371 transiisse.

347 3409 468 3476 Eadem
500 3414 549 3474 est
576 3411 661 3476 ratio
690 3412 828 3478 aliorum
859 3413 1058 3499 quorundam
1083 3413 1240 3493 locorum,
1264 3411 1380 3498 quibus

257 3541 328 3585 cum
353 3517 380 3584 Ο
409 3521 443 3583 et
466 3518 496 3583 D
525 3519 559 3582 in
587 3540 664 3584 vera
692 3519 852 3604 scriptura
876 3521 1089 3600 consentiant,
1120 3519 1148 3585 G
1171 3525 1284 3587 contra
1306 3543 1379 3586 cum

257 3627 372 3693 ceteris
416 3626 578 3713 plerisque
617 3630 802 3712 corruptam
841 3629 1009 3713 praebeat,
1049 3630 1229 3714 quaeritur,
1269 3633 1379 3695 utrum

257 3735 380 3800 Datani
413 3735 574 3821 scriptura
607 3735 781 3802 correctori
814 3735 969 3802 debeatur
1002 3759 1044 3803 an
1076 3759 1116 3802 ex
1149 3735 1379 3822 archetypoV

258 3841 397 3910 fluxerit.
443 3842 528 3912 Sunt
551 3843 618 3910 eine
640 3843 767 3930 generis
790 3842 839 3912 hi:

349 3953 425 4034 80‚6

421 4064 562 4129 Grandia
586 4072 614 4128 le
636 4065 728 4128 medii
749 4072 856 4130 lento
878 4085 991 4130 oerore
1013 4068 1082 4130 oiri.

474 4170 502 4236 0
526 4173 592 4237 rire
660 4169 690 4234 D
714 4181 798 4236 lenio
865 4169 920 4236 GL
944 4183 1032 4238 ionia

353 4274 450 4357 7636
