3240 4938
773 325 795 390 4

222 521 330 564 onmes
356 523 434 586 quos
457 501 560 566 adhue
584 503 848 586 perlustravimus
878 505 1080 570 noniunotos:
1116 506 1175 570 hoe
1205 504 1346 571 enimin

222 605 251 669 D
276 611 309 670 et
333 607 358 671 L
383 607 586 675 manifestam
609 611 890 694 interpolationem
915 613 1078 692 habemus,
1107 636 1172 698 qna
1196 613 1221 678 G
1246 618 1344 694 aeret,
1363 691 1378 722 ⁸

221 715 285 780 illis
309 717 347 781 de
373 717 467 780 meris
491 716 648 781 scribendi
672 719 834 784 erroribus
857 723 1025 805 agebatur.

312 823 443 890 Duobus
465 824 542 888 loeis
566 847 641 890 vera
662 827 823 910 scriptura
847 829 879 893 in
901 827 1048 894 oodioeL
1071 830 1112 894 ab
1128 831 1230 896 altera
1247 852 1345 894 manu

221 929 297 1019 (11⁹)
322 933 408 998 inter
439 955 545 997 versus
575 935 625 997 vel
655 935 688 999 in
718 937 862 1020 margine
891 937 1050 1022 adscripta
1081 945 1128 1002 est
1152 945 1250 1023 atque
1274 939 1345 1002 inde

221 1042 296 1119 iam,
321 1047 495 1124 autequam
518 1041 615 1107 codex
639 1043 666 1106 G
690 1044 827 1109 collatus
851 1050 909 1124 est,
939 1051 1016 1111 nota
1039 1050 1072 1111 et
1096 1069 1114 1111 a
1137 1046 1345 1111 Lachmanno

221 1150 255 1215 in
280 1154 403 1215 textum
429 1153 556 1233 recepta
580 1155 665 1215 erat:
1382 1149 1386 1154 ’

311 1257 387 1336 91‚3

385 1367 474 1443 Quod
509 1377 537 1428 te
572 1389 746 1449 eoprrossem
782 1371 856 1432 bene
892 1379 1174 1434 constantemve
1203 1380 1344 1452 patorem

383 1483 617 1557 constanterque
640 1474 670 1538 D
701 1485 911 1540 constanteroe
935 1474 961 1539 L
990 1488 1215 1541 constantemve
1240 1477 1345 1544 ΜΟ

313 1581 406 1658 loen
1104 1585 1107 1592 '

386 1689 459 1753 Cam
482 1710 579 1772 puero
605 1691 681 1753 bello
704 1712 887 1771 praeconem
912 1694 964 1775 pat
986 1695 1069 1756 videt
1092 1714 1169 1756 essa

383 1801 449 1880 ipse
473 1795 529 1861 DL
554 1820 618 1861 esse
639 1796 745 1863 L⁹G0

311 1911 392 1990 ipse,
417 1905 501 1991 qnod
526 1905 557 1968 in
585 1904 614 1968 D
638 1911 671 1970 et
694 1930 713 1972 a
736 1908 840 1991 prima
864 1931 960 1973 manu
985 1906 1058 1971 inL
1081 1911 1181 1986 extat,
1207 1907 1346 1974 nLaoh-

222 2037 339 2082 manno
364 2019 505 2100 spretum
523 2014 655 2080 Ellisius
679 2015 711 2078 in
736 2020 827 2080 textu
852 2017 959 2101 posuit
982 2020 1015 2080 et
1038 2019 1102 2082 sais
1126 2019 1222 2082 oratis
1245 2016 1347 2082 inter-

221 2128 370 2209 pretatus
401 2128 457 2188 est.
506 2121 566 2187 Sed
603 2123 667 2188 sive
702 2124 762 2188 hae
796 2123 862 2190 sive
897 2128 961 2192 alia
989 2129 1093 2194 neseio
1122 2149 1185 2210 qua
1220 2125 1346 2189 ratione

221 2231 456 2315 interpretaris,
482 2229 623 2293 alienum
647 2230 678 2291 id
702 2237 750 2294 est
775 2254 793 2294 a
818 2235 986 2298 sententia.
1027 2232 1213 2317 Requiritur
1237 2236 1346 2296 nutem

221 2339 400 2403 infinitivus
424 2342 521 2420 atque
544 2341 600 2415 ire,
629 2336 711 2420 quod
730 2334 915 2402 Schwabius
939 2336 1087 2414 coniecit,
1112 2337 1346 2402 eoncedendum

221 2448 349 2533 quidem
373 2450 422 2510 est
446 2468 465 2510 a
492 2448 587 2528 poeta
611 2443 751 2526 potuisse
773 2444 863 2528 poni,
893 2446 947 2510 sed
970 2467 1045 2525 esse,
1074 2446 1157 2529 qnod
1181 2445 1215 2510 in
1239 2443 1346 2511 L²G0

223 2556 376 2635 habetur,
420 2574 483 2617 non
517 2553 623 2617 minus
658 2551 739 2616 bene
774 2553 890 2618 dicitur
925 2575 1027 2639 neque
1061 2560 1109 2618 est
1144 2577 1200 2620 eur
1234 2556 1275 2621 ab
1310 2577 1346 2620 eo

221 2663 412 2728 recedamus.

310 2770 369 2836 His
395 2769 481 2848 loeis,
506 2769 621 2854 quibus
640 2790 716 2833 vera
731 2768 891 2852 scriptura
907 2771 971 2834 iam
989 2770 1021 2833 in
1038 2769 1234 2834 Lachmanni
1252 2775 1344 2834 textu

222 2900 371 2965 expressa
405 2881 469 2958 est,
512 2877 574 2942 duo
608 2875 778 2954 accedunt,
820 2877 935 2958 quibus
970 2877 1010 2942 ab
1045 2876 1102 2941 illo
1136 2877 1345 2942 recedendum

221 2989 362 3066 videtur,
398 3009 533 3071 quorum
564 2987 666 3052 altero
696 2983 723 3048 G
752 3007 823 3048 eum
854 2981 881 3049 Ο
911 3006 1021 3048 verum
1051 2984 1205 3072 serravit,
1241 2984 1345 3048 altero

222 3095 384 3160 meliorem
420 3101 506 3162 oerte
541 3120 638 3181 quam
668 3093 695 3158 D
728 3095 761 3158 et
790 3091 815 3156 L
845 3097 878 3157 et
913 3092 1011 3158 aeteri
1045 3093 1121 3156 libri
1152 3093 1345 3177 scripturam

222 3205 367 3270 exhibet:

313 3311 433 3392 73‚3.4

385 3423 494 3485 Omnia
518 3427 587 3484 sant
611 3421 736 3499 inarata
760 3421 835 3482 rutil
856 3422 966 3498 secisse
990 3421 1116 3501 benique

439 3531 534 3591 Immo
558 3530 649 3590 etiam
673 3528 773 3589 taedet
797 3536 946 3608 stetque
970 3531 1165 3608 magisque
1188 3527 1294 3606 mapts.

311 3639 400 3704 Haeo
429 3632 629 3702 Lachmanni
658 3632 778 3698 codices
813 3634 844 3696 in
882 3638 973 3697 textu
1007 3633 1174 3709 exhibent,
1208 3632 1347 3717 margini

223 3747 339 3813 codicis
363 3745 389 3810 L
418 3747 562 3826 obestque
591 3741 786 3826 adscriptum
816 3745 873 3806 est.
922 3740 1147 3806 Lachmannus
1171 3763 1210 3805 ex
1232 3751 1348 3824 stetque

166 3841 168 3846 '
225 3856 331 3919 effecit
354 3858 381 3918 εἰ
402 3857 437 3936 fit
461 3856 493 3917 et
517 3851 622 3916 deleto
646 3853 812 3931 mapisqne,
836 3849 919 3933 quod
944 3849 1112 3914 delendum
1136 3871 1202 3914 esse
1225 3849 1348 3933 primns

224 3962 383 4027 Aventius
426 3961 604 4045 perspexit,
648 3959 685 4021 ut
725 3980 849 4022 versum
885 3979 1030 4021 mancum
1068 3959 1227 4042 expleret,
1266 3956 1347 4021 illud

224 4073 366 4152 obestque
390 4092 428 4134 ex
452 4069 598 4154 margine
621 4064 735 4132 codicis
761 4064 785 4127 L
810 4066 960 4129 inseruit:

387 4179 497 4241 Omnia
520 4186 590 4240 sant
613 4179 749 4258 inarata,
773 4177 848 4238 niti!
869 4178 980 4256 fecisse
1004 4174 1144 4253 benigne:

438 4287 534 4349 Immo
559 4288 650 4347 etiam
674 4285 785 4362 taedet,
808 4286 840 4347 si
862 4287 924 4364 fit,
949 4283 1092 4362 obestque
1115 4283 1222 4362 magis.
