3240 4938
784 296 826 359 47

403 479 487 540 Duce
510 480 613 542 uiuloi·
637 526 644 541 .
671 527 677 540 .
703 527 710 541 .
737 478 828 540 besso
852 479 884 540 iu
906 479 1019 540 sudore
1044 479 1206 540 leeuruus.

242 587 369 652 Dicitur
392 585 492 670 igitur
515 585 572 649 ille
595 585 735 650 effecisse
759 584 904 648 dativum
927 588 1051 661 uiatori,
1076 582 1131 666 qui
1153 604 1216 647 non
1230 585 1368 666 pendere

240 699 346 780 posset
370 693 431 758 nisi
455 715 493 756 ex
516 693 720 758 substantivo
744 697 891 769 leuamen,
905 695 938 754 et
954 695 1063 756 tamen
1080 694 1167 755 certo
1183 690 1370 756 testimonio

241 804 369 868 constat
404 805 539 866 leuamen
578 823 649 864 eum
688 800 819 865 omnino
857 821 920 863 non
956 798 1070 883 legisse
1109 799 1143 863 in
1182 799 1264 863 libro
1302 821 1369 865 suo.

242 908 346 984 Quare
369 908 603 973 insimulationi
626 909 716 972 nulla
740 929 868 990 prorsus
893 905 970 969 fides
994 906 1107 970 haberi
1129 910 1370 988 potestatum,

244 1018 298 1098 qui
322 1017 432 1081 iudicis
456 1038 585 1080 munere
609 1016 785 1100 fungimur,
815 1036 904 1078 reum
928 1014 1133 1082 absolvimus.
1171 1052 1214 1062 -
1253 1014 1370 1082 Errare

246 1123 346 1208 igitur
381 1123 563 1187 differentia
590 1123 648 1188 illa
676 1128 748 1188 orta
779 1144 844 1188 ease
872 1121 966 1186 debet
994 1120 1078 1186 inter
1105 1126 1219 1188 uiatori
1241 1129 1274 1189 et
1297 1129 1370 1198 eie,-

246 1241 346 1295 torum
369 1253 472 1314 neque
496 1230 599 1296 adhuc
622 1230 702 1294 satis
725 1233 860 1310 constat,
891 1233 999 1294 utrum
1022 1229 1179 1296 scribendi
1203 1254 1310 1298 errore
1334 1256 1373 1300 cx

248 1339 352 1403 altero
375 1343 481 1402 ortum
504 1340 557 1406 sit.
605 1338 713 1423 Atque
736 1338 842 1420 ipsum
857 1335 938 1400 illud
959 1339 1043 1403 sulm
1058 1338 1141 1422 quod
1160 1339 1372 1407 Baehrensius

248 1446 450 1510 commendat
483 1469 598 1530 parurn
636 1448 743 1530 placet
778 1467 881 1530 neque
916 1467 952 1510 eo
976 1445 1136 1525 firmatur,
1166 1448 1250 1534 quod
1278 1449 1374 1515 sudor

247 1552 325 1618 alibi
348 1553 450 1619 salsus
474 1555 667 1638 appellatur.
712 1553 930 1638 Expectamus
953 1553 1038 1618 euim
1064 1555 1265 1635 adiectum,
1290 1557 1375 1642 quod

247 1661 288 1726 ad
312 1683 378 1725 rem
403 1663 441 1726 de
464 1684 529 1746 qua
558 1663 666 1748 agitur
689 1662 798 1746 aliquo
822 1661 913 1727 modo
937 1662 1099 1745 pertineat
1122 1663 1187 1729 sive
1211 1663 1251 1728 ad
1274 1669 1376 1731 uiator

248 1768 314 1833 sive
349 1768 389 1834 ad
429 1773 541 1844 eradere
576 1769 751 1845 adiectnm3
786 1773 887 1834 salsus
922 1772 1030 1834 autem
1066 1771 1196 1835 omnino
1232 1772 1375 1861 languet.

251 1875 329 1942 Tale
352 1876 543 1942 adieetivmu
568 1885 616 1942 est
640 1880 754 1953 lassum
789 1879 887 1959 atque
910 1875 942 1939 id
966 1880 1133 1961 praetcrea
1157 1899 1193 1943 eo
1216 1902 1377 1945 commen·

251 1984 356 2061 datur,
380 1984 465 2068 quod
480 1986 612 2070 propius
628 2007 724 2069 quam
745 1983 824 2047 illud
840 1988 942 2049 sulcus
957 1983 997 2048 ad
1013 1984 1205 2068 scripturam
1222 1987 1377 2052 traditam

252 2092 383 2158 accedit.
433 2094 545 2158 lessus
569 2096 676 2158 autem
700 2115 771 2157 cum
796 2113 859 2156 non
880 2113 950 2158 cum
970 2093 1083 2158 sudore
1100 2095 1250 2182 coniungi
1266 2096 1377 2179 possit,

252 2200 428 2265 necessario
451 2201 652 2267 scribendum
675 2204 725 2265 est
748 2203 869 2264 uiatori.

342 2307 442 2388 66,5Ο

413 2420 453 2481 Et
477 2421 529 2501 qui
551 2419 704 2500 principio
727 2416 783 2478 sub
808 2423 894 2479 terra
918 2437 1067 2499 quaerere
1089 2437 1185 2482 ueues

466 2526 580 2588 Institit
603 2546 642 2588 uc
664 2527 754 2606 ferri
776 2527 954 2606 stringere
977 2526 1136 2588 duritiem!

346 2626 373 2693 Ο
397 2629 529 2694 exhibet
552 2635 647 2714 ferris
668 2633 793 2713 fingere,
818 2629 846 2694 G
869 2629 943 2695 etL
966 2635 1060 2715 femie
1083 2634 1231 2715 fmuqere,
1255 2630 1381 2713 Dferri

255 2739 412 2821 frangere.
467 2736 636 2804 Sententia
672 2738 751 2804 haec
786 2738 912 2804 videtur
940 2761 1022 2805 esse:
1057 2743 1170 2825 pereat
1199 2738 1381 2823 quicunque

255 2846 378 2931 primus
406 2844 483 2910 ferri
511 2867 609 2911 uenas
638 2845 670 2910 in
700 2850 788 2911 terra
816 2850 993 2930 quaerebat
1016 2855 1049 2914 et
1073 2848 1192 2914 ferrum
1217 2850 1381 2930 repertum
1402 2857 1415 2864 “

255 2954 398 3021 cudendo
421 2954 468 3048 ita
492 2955 717 3038 praeparabat,
743 2961 779 3019 ut
803 2954 947 3020 homines
972 2979 1008 3021 eo
1032 2956 1079 3020 uti
1104 2959 1243 3039 possent.
1279 2953 1383 3021 Lach-

257 3084 393 3128 maunus
428 3063 546 3145 aliique
582 3066 615 3126 et
650 3066 726 3127 aute
760 3085 830 3126 eum
868 3066 903 3126 et
929 3067 1002 3146 post
1030 3086 1100 3128 eum
1129 3067 1207 3144 ferri
1235 3066 1383 3146 [rumpere

259 3172 398 3234 duritiem
428 3191 538 3234 verum
568 3172 768 3252 putaverunt
790 3173 888 3253 atque
912 3169 943 3233 id
968 3170 1015 3236 ita
1039 3171 1152 3255 opinor
1174 3170 1384 3256 interpretati

260 3281 349 3355 sunt,
385 3281 422 3341 ut
451 3281 598 3361 frangere
627 3282 768 3344 duritiem
796 3281 876 3360 ferri
903 3282 986 3344 esset
1014 3279 1163 3368 frangere
1186 3280 1238 3344 vel
1260 3280 1385 3344 vincere

260 3385 471 3463 obstaculum,
494 3387 578 3470 quod
595 3386 627 3452 in
644 3387 763 3452 duritie
778 3387 856 3452 ferri
873 3387 1002 3454 cadenti
1018 3389 1137 3454 obstat.
1174 3386 1236 3454 Sed
1250 3389 1386 3452 interest

261 3492 396 3576 aliquid,
429 3497 537 3558 utrum
566 3496 699 3560 durities
729 3495 837 3580 frangi
865 3494 991 3562 dicatur
1015 3520 1057 3562 an
1080 3498 1281 3562 obstaculum
1305 3496 1386 3560 illud

260 3602 345 3684 quod
380 3601 413 3665 in
448 3601 566 3667 duritie
602 3605 701 3679 inesf3
740 3602 873 3668 durities
909 3605 992 3668 enim
1021 3604 1099 3670 ferri
1128 3627 1192 3669 non
1222 3603 1387 3690 frangitur

260 3708 416 3788 cudendo,
446 3710 500 3776 sed
529 3716 676 3776 remanet
703 3710 753 3775 vel
783 3711 861 3776 adeo
889 3718 1038 3798 augetur.
1085 3713 1200 3796 Itaque
1223 3735 1286 3778 uon
1312 3716 1387 3796 apte

261 3816 342 3883 illud
365 3818 514 3903 frangere
538 3819 599 3885 dici
624 3819 758 3885 videtur.
807 3818 1085 3904 simplicissimum
1109 3821 1207 3886 videri
1224 3821 1326 3905 possit
1349 3841 1388 3885 ex

260 3925 376 3990 codicis
420 3924 448 3990 Ο
492 3927 652 4010 scriptura
697 3931 792 4008 serris
829 3931 944 4011 fiuqere
982 3929 1109 3993 efficere
1147 3930 1226 4011 ferri
1262 3929 1387 4009 (ingere.

262 4032 371 4116 Atque
387 4032 602 4098 Baehrensius
626 4035 744 4118 aliique
762 4035 926 4102 Catullum
949 4036 993 4100 sic
1009 4037 1170 4121 scripsisse
1187 4035 1390 4100 arbitrantur

265 4144 297 4203 et
325 4140 462 4208 fortasse
491 4142 551 4208 hoc
575 4143 670 4208 alicui
700 4143 847 4208 videatur
870 4144 968 4208 etiam
997 4163 1034 4206 eo
1057 4143 1282 4221 commendari,
1305 4141 1390 4225 quod

265 4246 327 4310 iam
352 4247 484 4316 Vossius
513 4251 593 4315 idem
625 4250 770 4315 coniecit,
819 4250 920 4326 Quam
953 4257 1060 4316 tamen
1094 4253 1286 4334 scripturam
1311 4270 1390 4332 quo·
