3240 4938
800 317 842 382 ab

262 503 387 564 mutere
411 500 523 564 solent.
571 497 721 563 Eiusdem
750 499 874 585 generis
899 497 932 564 in
957 496 1078 563 Catulli
1101 496 1260 562 codicibus
1284 497 1382 560 habes

263 607 353 671 haec:
380 605 477 683 1215
494 611 610 672 numeri
633 627 691 689 pro
716 610 842 683 maneri,
868 605 965 684 6134
983 608 1132 670 ladmones
1148 627 1207 690 pro
1222 607 1382 680 ludicram,
1405 623 1414 639 ·

263 715 338 786 572
361 737 515 779 marmare
528 736 585 798 pro
599 717 777 778 Mamurrae
790 715 887 791 25,st
905 717 1006 778 insula
1021 737 1079 798 pro
1091 719 1194 780 intesta
1207 711 1383 793 64,54.253

262 825 396 888 adriana
429 845 487 906 pro
511 825 664 886 Ariadna.
710 821 844 905 Aliquot
872 821 949 886 locis
977 845 995 886 a
1025 821 1145 888 Detani
1174 819 1306 886 librario
1330 842 1383 902 sy-

261 951 401 1012 nonyma
425 930 555 996 confuse
580 934 665 1008 suat,
689 929 789 992 veluti
814 930 891 1007 30‚4
912 932 1054 1011 improba
1077 934 1111 994 et
1133 933 1237 1010 impia,
1263 927 1381 1007 64,391

263 1040 442 1103 baccbarair
457 1041 490 1102 et
511 1042 638 1114 euantis,
663 1037 761 1116 68‚lb
779 1040 968 1102 conciliasset
984 1043 1017 1102 et
1033 1041 1237 1120 pacificasset,
1263 1035 1383 1113 68,102

263 1147 337 1208 deos
360 1148 393 1207 et
415 1147 511 1226 focas.
553 1145 599 1210 At
623 1146 698 1210 hinc
722 1145 754 1209 id
778 1166 842 1209 non
866 1144 1015 1222 efficitur,
1040 1143 1122 1228 quod
1147 1143 1278 1208 Ellisiue
1303 1144 1382 1220 vult,

263 1252 399 1317 codicem
425 1252 454 1315 D
478 1275 516 1316 ex
541 1254 722 1337 antiquiore
745 1249 906 1317 codicisV
930 1253 1117 1338 apographo
1141 1272 1237 1336 qnam
1261 1257 1383 1316 eeteros

262 1359 457 1444 descriptum
482 1384 557 1429 esse.
593 1361 676 1427 Hinc
700 1362 783 1425 enim
807 1359 887 1424 illud
912 1365 1039 1426 tantum
1065 1363 1201 1445 apparet
1216 1358 1383 1424 librarium

261 1490 327 1533 uon
360 1469 488 1554 singule
517 1471 613 1534 verba
642 1470 695 1534 sed
730 1472 816 1534 totos
848 1489 957 1532 versus
981 1471 1113 1552 totaque
1136 1466 1306 1534 enunciata
1330 1465 1385 1530 de·

261 1575 433 1659 scripsisse.
480 1577 655 1662 Eidemque
689 1575 886 1642 describendi
920 1576 1029 1659 generi
1064 1576 1144 1641 illud
1179 1573 1382 1640 tribuendum

263 1687 321 1761 est,
347 1683 431 1767 quod
456 1687 553 1752 rerba
576 1686 773 1768 syllabarum
800 1705 930 1748 numero
954 1686 1051 1767 atque
1074 1683 1213 1768 pondere
1237 1682 1329 1767 paria
1352 1684 1385 1744 et

262 1790 410 1854 similiter
447 1792 596 1857 sonantia
638 1797 880 1876 permutantur:
931 1791 1030 1860 6524
1068 1794 1170 1873 pudor
1208 1795 1240 1855 et
1279 1791 1383 1866 rabor,

266 1898 385 1976 64,279
411 1902 534 1964 celestia
553 1904 585 1964 et
601 1903 764 1976 silvestria,
789 1899 910 1978 64‚369
925 1921 1114 1983 procurrens
1129 1903 1163 1964 et
1177 1900 1384 1964 errecambeas.

263 2005 456 2081 Quibuscum
481 2013 556 2092 apte
585 2007 734 2072 ridentur
758 2008 837 2073 haec
860 2031 899 2072 ex
923 2009 995 2072 aliis
1019 2007 1208 2093 quibusdam
1232 2007 1283 2072 vel
1307 2004 1385 2070 adeo

262 2137 301 2178 ex
325 2115 471 2179 omnibns
496 2112 617 2180 Catulli
647 2115 805 2180 codicibus
829 2117 974 2201 componi
997 2137 1103 2200 posse:
1140 2116 1239 2190 64,92
1262 2125 1385 2198 pectore

261 2228 294 2287 et
319 2244 463 2305 corpore,
503 2223 624 2300 64‚106
655 2243 783 2305 corpore
807 2228 840 2290 et
871 2230 997 2303 cortice,
1024 2223 1122 2302 35,13
1151 2227 1322 2289 indotatam
1352 2226 1385 2287 et

260 2335 444 2412 inrotatum,
470 2330 568 2408 66,48
593 2334 711 2396 celibem
735 2337 768 2397 et
793 2335 967 2419 Cbatpbam.
1018 2333 1162 2419 Denique
1190 2333 1272 2416 quod
1297 2332 1330 2394 in
1356 2330 1384 2394 D

261 2441 415 2523 scriptum
452 2446 501 2503 est
540 2440 661 2518 64‚314
697 2444 839 2506 libratam
879 2449 967 2507 tereti
1004 2445 1138 2508 librabat
1176 2446 1288 2506 vertice
1326 2463 1385 2525 pro

262 2550 405 2611 libratam
429 2552 516 2611 tereti
538 2549 684 2611 uersabat
708 2551 835 2627 turbine,
861 2549 1044 2616 conferetur
1069 2550 1179 2630 62‚11‚
1203 2549 1257 2614 ubi
1281 2551 1385 2637 facilis

263 2655 372 2718 nobilis
395 2653 428 2718 in
445 2654 598 2719 Thueneo
622 2656 776 2738 seriptum
801 2660 849 2719 est
871 2677 930 2740 pro
953 2659 1057 2737 fecitte
1072 2660 1173 2734 nebia
1198 2661 1231 2720 et
1246 2655 1385 2721 eiusdem

202 2747 206 2758 Δ
261 2763 387 2847 generis
411 2769 486 2826 sunt
508 2784 548 2826 ex
570 2761 601 2827 D
625 2761 761 2841 calba:
863 2796 865 2800 ·

425 2872 626 2955 (maesymas,
642 2875 833 2958 qaaeSeptta
845 2894 987 2955 rapam,
1000 2893 1079 2955 qaae
1093 2883 1206 2952 rapta
1215 2874 1385 2957 Charybdis

260 3002 318 3064 pro

423 3090 825 3172 OaaeSprtis,qaaeScplta
838 3106 977 3168 rapae,
991 3107 1070 3168 qaae
1082 3097 1191 3151 nasta
1205 3089 1385 3172 Charybdis,

263 3203 296 3258 et
320 3195 436 3272 64‚ll:
472 3199 606 3259 rudem
640 3217 731 3261 carra
765 3201 866 3277 prima
901 3199 1017 3259 rediit
1045 3217 1103 3280 pro
1133 3199 1258 3260 eadem
1294 3219 1386 3262 carna

261 3307 363 3382 prima
385 3304 533 3379 imbuit,
565 3323 646 3386 quae
675 3305 858 3389 corruptela
889 3304 941 3369 vel
964 3304 1146 3387 nuperrime
1170 3303 1253 3368 viros
1277 3303 1385 3370 doctos

263 3409 412 3476 mirificas
437 3411 477 3475 ad
502 3409 726 3478 hariolationes
752 3412 897 3496 pellexit.

352 3515 412 3583 Sed
435 3519 530 3583 finem
556 3518 607 3583 hie
630 3519 734 3585 facere
760 3521 835 3586 licet
852 3520 1038 3603 disputandi
1054 3524 1088 3584 et
1103 3541 1185 3603 quae
1201 3519 1239 3584 de
1256 3519 1385 3586 Detano

261 3625 464 3692 dissernimus
494 3627 633 3693 breviter
660 3628 935 3712 comprehendere.
984 3625 1056 3692 Non
1080 3629 1172 3692 nobie
1196 3627 1255 3692 visi
1278 3649 1385 3692 sumus

261 3732 431 3816 astipulari
454 3756 545 3818 posse
570 3734 776 3813 Baehrensio,
806 3736 861 3819 qui
885 3734 1051 3802 Datanum
1075 3747 1112 3800 ut
1136 3738 1257 3800 ceteros
1286 3735 1384 3801 libros

260 3862 300 3904 ex
323 3840 427 3906 codice
451 3842 478 3907 G
507 3844 686 3909 derivatum
715 3865 848 3927 eamque
885 3844 925 3907 ab
955 3865 1083 3911 causam
1112 3864 1241 3928 prorsus
1265 3842 1385 3907 nullius

261 3948 357 4032 pretii
393 3949 575 4016 habendum
612 3975 679 4017 esse
708 3955 829 4028 censet3
865 3951 962 4016 immo
991 3949 1157 4016 Datanum
1186 3973 1244 4016 sua
1273 3951 1324 4015 ria
1348 3971 1384 4016 ac

260 4057 384 4121 ratione
419 4057 459 4121 ad
492 4055 674 4124 Veronense
713 4057 910 4143 archetypou
950 4059 1052 4124 redire
1087 4063 1184 4141 atque
1220 4080 1282 4123 non
1317 4059 1384 4122 sine

260 4162 366 4228 fructu
396 4165 427 4228 in
458 4165 657 4231 recensendis
685 4166 804 4232 Catulli
834 4168 1028 4234 carminibus
1056 4167 1203 4232 adhiberi
1231 4166 1382 4243 vidimus3

260 4274 344 4335 recte
368 4269 470 4360 igitur
495 4271 717 4342 Lachmannus
747 4275 838 4354 fecit,
870 4276 953 4359 quod
977 4273 1094 4341 librum
1119 4275 1267 4340 illumin
1292 4295 1383 4338 usum
