3240 4938
773 241 814 305 10

231 419 279 484 uti
314 420 458 497 volebat,
494 418 660 483 dicendum
697 423 767 484 erat
802 443 881 505 qaue
911 425 982 485 iuro
1011 431 1096 485 coslo
1131 424 1222 486 cubili
1253 425 1353 486 colere

230 531 350 610 cupitis.
389 526 427 590 ld
451 525 535 591 inest
559 526 592 590 in
617 527 777 610 scriptura
801 528 922 595 libriD
947 539 1031 593 custo
1054 533 1156 611 petitis
1180 551 1259 614 quoe
1282 533 1354 593 iura

229 638 334 714 cubili,
365 657 461 720 quam
495 657 603 700 veram
632 655 698 698 esse
729 639 818 720 puto.
868 639 973 702 Colitis
1002 639 1110 701 autem
1140 637 1222 724 unde
1245 640 1353 701 ortum

228 745 300 809 est?
339 742 433 808 Certe
463 764 525 807 non
557 741 694 826 simplici
723 744 881 809 scribendi
905 767 1027 829 errore,
1056 745 1110 810 sed
1133 769 1151 810 a
1175 747 1353 810 correctore

229 851 407 937 profectum
439 851 575 918 videtur.
622 849 666 914 Et
694 852 721 914 si
752 873 880 918 causam
908 854 1106 938 quaerimus,
1136 875 1199 938 qua
1230 851 1286 917 1116
1317 874 1353 916 66

229 960 384 1026 adductus
414 960 473 1038 sit,
504 963 541 1024 ut
570 960 752 1025 coniectura
780 960 840 1026 hoc
869 963 938 1027 loeo
962 983 1040 1045 opus
1064 983 1131 1026 esse
1154 960 1353 1044 opinaretur,

229 1068 391 1134 commode
413 1089 446 1132 se
469 1068 550 1133 illud
574 1068 665 1134 nobis
689 1069 797 1147 offert,
828 1071 911 1154 quod
935 1070 1011 1136 libri
1037 1067 1182 1134 nonnulli
1206 1071 1354 1151 quaeritis

228 1176 391 1241 exhibent.
432 1174 526 1240 Hanc
548 1173 632 1238 enim
654 1176 845 1260 scripturam
862 1177 1072 1262 probabiliter
1087 1177 1236 1261 ponimus
1252 1175 1352 1238 inter·

228 1285 407 1369 palatorem
431 1283 523 1348 illum
548 1283 582 1347 in
605 1284 710 1348 codice
733 1307 789 1349 suo
814 1286 987 1362 inuenisse;
1012 1306 1187 1370 quaecum
1214 1284 1352 1348 numeris

228 1391 314 1456 hand
350 1393 429 1456 satis
464 1392 599 1469 faceret,
636 1412 761 1455 versum
796 1392 851 1455 ille
886 1393 1029 1488 restitnit
1062 1393 1253 1456 sententiam
1289 1413 1352 1456 non

229 1500 410 1567 accuratius
433 1500 612 1584 respiciens
653 1498 760 1583 Ipsum
786 1504 893 1565 autem
916 1501 996 1564 illud
1022 1503 1171 1584 quaeritis
1187 1504 1353 1564 exaratum

228 1613 278 1675 661
306 1632 365 1694 pro
394 1609 533 1696 genuino
565 1611 669 1690 petitis
698 1629 785 1672 mera
817 1608 1037 1694 neglegentia,
1072 1630 1137 1692 qua
1172 1608 1354 1692 saepissime

228 1718 355 1783 librarii
380 1739 557 1804 synonyma
580 1715 802 1782 confuderunt.

318 1827 369 1892 Ad
400 1827 456 1891 hos
486 1826 563 1890 duos
592 1827 691 1904 locos,
721 1825 837 1910 quibus
866 1823 980 1890 codicis
1010 1823 1037 1888 G
1067 1824 1244 1910 scripturae
1272 1847 1354 1890 vana

228 1939 302 2001 sunt
319 1936 524 2002 librariorum
542 1939 731 2014 commenta,
753 1935 907 2000 accedunt
923 1933 989 2013 alii,
1013 1935 1128 2019 quibus
1146 1954 1232 1999 mero
1248 1953 1354 1998 errore

227 2044 378 2110 librarius
402 2045 485 2111 falsa
509 2045 666 2124 exaravit,
690 2067 765 2110 vera
788 2045 948 2129 scriptura
972 2065 1043 2108 curu
1067 2043 1099 2106 in
1122 2042 1236 2107 ceteris
1253 2040 1355 2106 omni-

227 2153 286 2216 bus
311 2153 401 2216 libris
426 2158 496 2217 tum
521 2153 552 2216 in
575 2152 604 2215 D
629 2152 704 2216 etL
728 2152 881 2216 habetur:
907 2151 1028 2228 64,134
1052 2153 1231 2213 discendens
1255 2149 1354 2224 6624

228 2270 260 2324 ot
291 2263 333 2325 ibi
364 2260 462 2338 66,32
492 2260 600 2321 adesse
626 2245 729 2335 ’66,74
758 2260 883 2320 caedito
913 2255 1011 2331 66,85
1039 2259 1116 2318 irrito
1147 2256 1243 2330 67,δὸ
1270 2265 1353 2318 ansul

230 2391 334 2434 amore
360 2366 479 2446 68,101
505 2374 588 2428 tuum
613 2364 688 2442 71,2
712 2371 744 2426 61
769 2363 788 2426 6
812 2361 1353 2446 podrcpo84,11esce187,lporrc

229 2474 605 2555 99,7od114,3ocrc.
654 2467 725 2534 Non
756 2469 945 2555 infringitur
975 2469 1102 2555 quidem
1131 2469 1191 2536 hac
1220 2492 1254 2535 re
1277 2469 1354 2535 fides

227 2584 343 2650 codicis
367 2581 409 2658 G3
438 2580 508 2667 quis
534 2579 621 2643 enim
645 2580 744 2644 bonus
768 2579 849 2644 liber
874 2578 1032 2645 scribendi
1055 2579 1215 2645 erroribus
1241 2580 1354 2645 vacat?

229 2689 290 2756 Sed
314 2694 424 2756 tamen
452 2708 633 2765 monemur,
670 2707 708 2750 ne
741 2691 860 2752 temere
894 2709 966 2753 cunr
1002 2686 1198 2752 Baehrensio
1233 2692 1355 2754 ceteros

228 2800 325 2864 libros
349 2803 476 2882 praeter
501 2793 528 2861 Ο
551 2815 659 2860 omnes
683 2815 721 2858 ex
746 2793 774 2859 G
796 2794 956 2859 derivatos
982 2817 1049 2859 esse
1072 2801 1230 2880 putemus.
1270 2794 1355 2870 Quo·

228 2905 321 2971 modo
344 2905 430 2970 enim
452 2905 574 2971 factum
599 2907 658 2983 est,
683 2905 720 2966 ut
744 2901 858 2966 horum
878 2901 1030 2966 vitiorum
1054 2901 1086 2965 in
1110 2902 1176 2967 illis
1200 2923 1257 2967 nec
1281 2902 1353 2967 vola

228 3035 287 3080 nec
309 3014 480 3101 vestigium
504 3013 568 3080 sit?

318 3123 388 3189 Iam
401 3123 440 3189 ad
453 3122 721 3190 correctiones
737 3120 813 3186 libri
826 3118 852 3184 G
865 3139 923 3184 nos
936 3120 1059 3183 vertere
1071 3117 1156 3198 licet,
1170 3117 1207 3183 de
1219 3140 1355 3202 quarum

229 3232 353 3321 origine
381 3232 442 3296 viri
470 3233 556 3298 docti
584 3252 649 3297 non
679 3228 895 3296 consentiunt.
946 3224 1142 3292 Baehrensio
1177 3229 1218 3293 ab
1246 3228 1356 3292 eadem

229 3363 338 3417 mann,
362 3360 445 3424 quae
469 3341 594 3403 textum
616 3338 772 3414 exaravit,
797 3335 902 3401 factae
920 3333 1067 3398 videntur
1084 3331 1127 3417 (p.
1145 3333 1236 3420 XIV)
1253 3356 1357 3418 neque

229 3450 285 3514 1116
309 3447 454 3525 dubitat,
483 3447 559 3530 quin
582 3463 691 3509 omnes
721 3443 815 3506 unius
840 3442 906 3506 eius
930 3442 985 3526 qui
1010 3440 1038 3506 G
1061 3440 1205 3506 exaravit
1228 3427 1356 3524 ingenio

232 3559 410 3624 debeantur
432 3554 621 3638 plerumque
644 3571 792 3634 perverso
816 3549 860 3632 (p.
885 3546 1005 3634 XVII).
1049 3547 1169 3614 Contra
1193 3546 1355 3611 Bonnetus

231 3664 354 3749 (Revue
377 3662 513 3746 critique
534 3660 632 3744 1877)
656 3658 867 3723 correctiones
891 3678 952 3721 non
978 3659 1019 3722 ab
1037 3656 1147 3722 eadem
1164 3677 1259 3722 manu
1275 3675 1356 3736 quae

232 3775 359 3838 textum
383 3771 511 3854 scripsit
533 3767 693 3852 profectas
718 3786 794 3843 esse,
819 3766 872 3830 sed
897 3765 993 3830 aliam
1017 3786 1147 3828 manum
1168 3761 1307 3827 codicem
1329 3759 1355 3826 G

231 3901 302 3946 cum
332 3879 396 3944 alio
424 3877 561 3962 quodam
589 3873 694 3940 codice
729 3873 901 3940 contulisse
930 3877 964 3936 et
992 3871 1204 3937 correctiones
1232 3890 1271 3932 ex
1300 3868 1356 3932 illo

231 3987 469 4073 transcripsisse
499 3984 673 4050 existimat.
727 3981 872 4066 Apparet
899 3984 1007 4048 autem
1036 4001 1075 4043 ex
1099 3977 1290 4044 'Baehrensii
1319 3975 1357 4038 de

232 4096 479 4163 correctionibus
507 4092 583 4158 libri
606 4090 633 4156 G
657 4085 788 4170 iudicio,
819 4112 874 4154 cur
902 4089 957 4154 ille
984 4091 1105 4154 ceteros
1128 4087 1226 4151 libros
1250 4103 1357 4149 omnes

233 4228 272 4272 ex
288 4203 315 4269 G
331 4202 490 4269 derivatos
507 4222 574 4266 esse
589 4199 776 4266 arbitretur.
812 4195 897 4262 Nam
912 4197 939 4262 si
955 4217 1064 4260 rerum
1083 4199 1131 4259 est
1148 4192 1358 4258 correctiones
