3240 4938
827 283 869 347 39

287 483 346 545 par
358 460 538 545 exemplum
552 462 584 526 iu
598 461 658 525 hoc
671 461 740 545 ipso
752 461 943 526 carmiueb'l
954 466 1083 546 praesto
1096 465 1144 526 est
1158 460 1190 525 iu
1205 483 1234 528 v.
1251 462 1410 531 199200:

451 571 508 633 Vos
532 571 624 633 nolite
645 573 714 651 pati
737 579 909 634 nostrum
932 592 1098 634 vanescere
1122 573 1246 647 luctum,

447 679 509 741 Sed
533 680 618 760 quali
639 680 738 740 solam
763 679 893 742 Theseus
915 701 966 742 nee
990 688 1087 742 mente
1110 681 1240 760 reliquit.

287 784 457 849 Praeterea
493 784 571 850 haee
607 805 623 848 o
659 783 780 849 Catulli
817 786 1011 850 carminibus
1050 787 1229 868 comparari
1266 790 1410 869 possunt,

286 915 420 976 quorum
451 892 590 976 primum
627 893 705 958 adeo
734 893 884 959 audacius
908 915 1006 977 quam
1035 893 1114 958 illud
1143 895 1181 960 do
1210 913 1274 979 quo
1299 895 1409 980 agitur

285 998 406 1062 dictum
430 997 573 1063 videtur:

376 1103 498 1182 68‚132
1284 1191 1290 1201 ¹

448 1216 518 1278 Lua
542 1237 620 1279 rnea
643 1236 676 1279 se
699 1225 868 1280 nostrum
892 1218 1015 1278 contulit
1037 1218 1069 1278 in
1092 1219 1247 1298 premium.

375 1321 505 1400 116,5.6

444 1432 533 1495 Hunc
555 1432 643 1494 uideo
667 1432 755 1494 milri
778 1411 858 1494 retine
880 1434 1166 1513 bustrasumptum
1182 1453 1246 1496 esse
1262 1435 1409 1512 laborem,

499 1541 585 1616 Gelli,
609 1561 664 1602 nec
687 1548 846 1604 nostras
870 1541 919 1602 bic
941 1542 1074 1604 ualuisse
1095 1561 1213 1622 preces.

375 1645 529 1724 68,91.92

448 1756 574 1832 Quaene
597 1758 689 1818 etiarn
712 1764 843 1818 nostro
867 1758 956 1818 letum
979 1758 1152 1820 miserabile
1174 1758 1271 1837 {ratri

384 1879 388 1886 ·
498 1865 614 1928 Attulit.
650 1865 706 1926 Hei
729 1865 840 1926 misero
863 1865 965 1944 trater
988 1866 1129 1946 adempte
1152 1866 1250 1930 milri.

374 1969 528 2050 50‚1t.18

444 2081 496 2142 lla
520 2098 580 2162 quo
602 2081 794 2161 perspiceres
817 2101 931 2142 meum
954 2081 1098 2144 dolorem.

445 2189 535 2251 Nunc
559 2189 668 2250 andan
692 2208 767 2251 caue
789 2191 852 2265 sis,
875 2209 1043 2271 precesque
1067 2197 1231 2252 nostras.

284 2291 395 2377 Neque
431 2294 462 2358 iu
493 2294 543 2359 his
575 2293 717 2360 versibus
746 2293 896 2358 carminis
930 2296 1007 2373 107,
1042 2294 1098 2379 qui
1127 2295 1171 2359 sio
1194 2294 1227 2358 iu
1250 2291 1409 2358 codicibus

284 2403 408 2466 exorati
431 2407 520 2467 suut:
1043 2479 1044 2482 Ἴ

447 2511 552 2588 Quare
575 2512 631 2574 boc
654 2518 699 2572 est
722 2518 844 2590 protunc
868 2513 977 2574 nobis
1000 2532 1131 2595 quoque,
1156 2511 1259 2574 carius
1283 2527 1371 2588 auro,

499 2619 588 2696 Quod
611 2626 640 2680 te
662 2608 806 2694 restituis,
831 2619 951 2699 lesbia,
975 2622 1023 2682 nei
1046 2619 1168 2701 cupido,

443 2728 589 2790 Restituis
612 2727 723 2808 cupido
748 2734 839 2808 atque
863 2729 1034 2808 insperanti
1057 2731 1127 2810 ipsa
1151 2729 1251 2808 refers
1274 2733 1302 2788 te

495 2837 621 2900 Nobis.
671 2835 697 2898 0
720 2837 817 2897 lucem
840 2837 1019 2899 candidiore
1042 2844 1125 2900 ncta.

282 2947 362 3021 erat,
392 2965 448 3008 cur
478 2943 511 3008 in
536 2966 565 3009 v.
593 2947 607 3006 l
639 2944 724 3006 nobis
747 2945 938 3026 tangeretur
962 2945 1019 3007 aut
1042 2944 1075 3006 in
1100 2964 1128 3006 v.
1153 2941 1173 3006 3
1198 2941 1407 3022 interpunge-

284 3054 373 3126 retur
396 3055 470 3134 post
493 3059 530 3116 te.
566 3048 711 3131 Denique
735 3049 768 3111 in
785 3049 872 3127 tul,
898 3049 953 3113 ubi
975 3048 1096 3114 codices
1120 3048 1273 3114 exhibent
1288 3056 1405 3110 uestra:

442 3178 483 3238 Et
505 3184 597 3256 nepot
620 3176 692 3237 milri
714 3183 818 3238 oeslra
841 3173 1032 3238 redditurum

444 3285 625 3362 Pupilluria,
652 3317 693 3330 --
716 3286 743 3346 si
765 3285 833 3364 pati
854 3286 992 3364 potestis,
1060 3347 1062 3354 Α

283 3437 478 3499 quemquam
514 3415 546 3479 id
581 3415 689 3499 aliquo
717 3418 810 3481 modo
838 3376 1136 3502 explicarixpotesb
1167 3419 1277 3480 tamen
1301 3421 1406 3476 nostra

282 3524 420 3590 scribere
443 3522 509 3588 sine
533 3524 629 3589 dubio
652 3528 810 3608 praestat:

442 3653 482 3714 Et
505 3644 605 3734 nepai
620 3655 707 3716 rnilei
730 3663 863 3716 nostra
886 3654 1077 3716 reddituram

442 3761 624 3840 Pupillariu.

282 3891 331 3958 lux
366 3892 479 3957 ceteris
513 3893 722 3976 scriptoribus
752 3917 850 3958 riuum
880 3894 1058 3976 exenrplum
1091 3891 1205 3972 affero,
1234 3892 1317 3976 quod
1343 3911 1405 3954 nou

281 4001 441 4065 iuni-iliter
465 4001 714 4083 comparabitur,
738 4001 836 4087 Verg.
862 4001 929 4067 Ecl.
954 3999 986 4064 ΙΙ
1011 4001 1081 4067 6.7;

444 4131 469 4192 0
494 4130 626 4192 crudelis
651 4129 750 4204 Aleei,
774 4131 849 4191 nibil
870 4151 948 4192 rnea
973 4132 1113 4192 cornuina
1137 4132 1251 4192 curus?

442 4238 494 4300 Nil
516 4238 637 4298 nostri
660 4238 825 4298 miserere?
868 4237 946 4300 Mori
969 4258 1018 4300 rue
1042 4239 1172 4320 denique
1196 4257 1293 4317 copes.
