3240 4938
801 323 844 388 60

261 495 299 562 de
335 519 368 560 re
398 496 583 565 Schwabius
618 501 651 564 in
686 498 825 567 editione
848 525 880 586 p.
911 502 959 568 VI
990 526 1063 568 ann.
1093 505 1135 568 20
1167 505 1259 570 haee:
1297 511 1388 572 credo

262 615 362 670 autem
397 629 516 672 uersum
551 612 632 673 besue
667 614 699 673 iu
734 613 838 674 codice
868 615 1027 676 veronensi
1055 634 1154 695 paene
1182 613 1387 677 oblitteratum

259 716 355 794 fuisse
380 755 420 764 -
456 719 634 781 memoradum
663 727 706 783 est
740 721 800 783 duo
831 723 984 784 errioirnum
1012 722 1132 785 scribas
1162 743 1202 785 ec
1228 725 1389 786 veronensi

263 825 368 886 codiee
390 825 500 888 librum
527 827 638 891 Catulli
654 829 861 910 descripsisse,
879 850 1005 911 quorum
1024 831 1103 893 alter
1118 831 1265 913 reliquias
1283 851 1388 894 versem

260 933 340 995 illius
363 940 468 998 terreos
498 937 678 1016 aepleperet,
710 938 788 999 ulter
814 938 944 1016 fideliler
967 947 1115 1001 servaret.
1173 936 1219 1002 At
1242 958 1300 1002 nos
1325 958 1388 1001 non

261 1039 307 1102 bis
334 1043 476 1120 tantum,
500 1042 555 1105 sed
578 1046 694 1126 quater
716 1042 882 1110 minimum
908 1043 1044 1111 codicem
1060 1041 1090 1108 V
1107 1045 1303 1128 descriptum
1320 1063 1388 1108 esse

259 1145 404 1212 vidimus.
457 1146 543 1213 Nam
571 1153 699 1234 praeter
729 1151 791 1215 duo
820 1151 878 1217 illa
907 1152 1111 1238 apographa,
1143 1173 1224 1236 quae
1253 1153 1386 1236 propter

258 1251 358 1317 libros
382 1252 410 1318 G
437 1255 521 1322 eto
551 1257 702 1323 sumenda
730 1263 821 1340 sunt,
852 1261 985 1325 tertium
1011 1282 1128 1344 ponere
1160 1259 1322 1338 debemus,
1347 1279 1386 1322 ex

259 1383 322 1444 quo
345 1361 482 1429 derivati
506 1369 582 1430 sunt
605 1365 687 1431 liber
710 1365 737 1430 B
763 1370 798 1438 ‚et
822 1368 851 1432 ei
874 1369 928 1451 qui
952 1391 1025 1434 cum
1048 1367 1075 1431 B
1098 1369 1287 1452 plerumque
1310 1388 1385 1431 con·

259 1469 420 1552 sentiunt,
455 1476 608 1556 quartum
632 1473 768 1558 deniqne
797 1474 877 1540 illud
902 1477 978 1558 erit,
1009 1499 1048 1542 ex
1072 1497 1133 1560 quo
1157 1476 1254 1541 codex
1277 1473 1306 1538 D
1330 1474 1385 1539 de·

175 1659 181 1668 ¹
261 1577 399 1662 scriptus
423 1582 481 1646 est.
527 1580 716 1648 Ponendum
739 1581 839 1668 igitur
864 1587 912 1648 est
942 1585 1088 1650 utribus
1112 1581 1253 1648 librariis
1276 1581 1331 1666 qui
1353 1579 1383 1644 V

258 1686 482 1752 describebant
497 1689 647 1754 omissum
663 1710 729 1754 esse
745 1712 873 1756 versum
889 1689 992 1770 illum,
1011 1691 1051 1755 ab
1067 1713 1131 1756 uno
1147 1713 1210 1754 non
1224 1690 1384 1756 omissum.

259 1795 367 1880 Atque
403 1796 638 1862 eoncedendum
673 1802 723 1864 est
756 1798 831 1864 hinc
865 1797 1006 1881 aliquem
1039 1821 1109 1864 oum
1145 1795 1384 1884 probabilitatis

258 1904 397 1988 quadam
422 1906 523 1989 specie
545 1910 771 1991 argumentum
787 1911 897 1992 petere
913 1928 1013 1991 posse,
1038 1929 1099 1990 quo
1116 1907 1203 1971 nisus
1219 1904 1258 1970 de
1275 1926 1384 1969 versus

257 2013 346 2079 illius
379 2011 569 2100 integritate
603 2014 739 2082 dubitet.
794 2013 837 2080 Et
872 2016 980 2081 eadem
1015 2036 1086 2080 eum
1121 2015 1224 2098 specie
1259 2035 1383 2079 onmem

258 2121 402 2189 codiciD
428 2122 654 2188 auctoritatem
677 2122 833 2211 denegare
858 2122 988 2208 poterit.
1021 2121 1110 2187 Haec
1133 2142 1207 2187 vero
1224 2121 1384 2187 dubitatio

257 2229 402 2314 profecto
426 2251 490 2295 non
513 2234 643 2295 tantum
668 2233 764 2312 valet,
788 2236 826 2297 ut
849 2253 886 2296 ea
910 2252 992 2314 quae
1015 2229 1119 2295 adhuc
1135 2251 1207 2295 oum
1224 2230 1262 2294 de
1278 2228 1384 2295 eodice

259 2337 288 2401 D
313 2342 383 2403 tum
406 2336 445 2402 de
468 2337 528 2402 hoe
553 2359 647 2402 versu
670 2336 874 2404 disseruimus
897 2338 992 2403 irrita
1015 2338 1108 2406 fiant.
1155 2336 1216 2403 Sed
1232 2337 1383 2404 audacter

258 2445 421 2513 credemus
438 2467 562 2512 versum
579 2446 721 2512 illumin
737 2445 778 2526 V,
804 2446 938 2512 fortasse
955 2445 988 2511 in
1005 2447 1162 2533 margine,
1187 2446 1383 2530 adscriptum

257 2552 354 2620 tuisse
381 2558 415 2620 et
445 2577 465 2620 a
494 2554 654 2642 plerisque
683 2553 824 2622 librariis
853 2554 1052 2639 neglectum,
1086 2554 1127 2621 ab
1155 2576 1219 2621 uno
1245 2551 1383 2618 fideliter

258 2666 426 2730 exaratum
451 2686 527 2730 esse.

346 2770 424 2850 97,5
1264 2835 1267 2840 .

346 2877 416 2945 Hoc
445 2880 514 2945 loco
544 2878 612 2964 ipse
642 2877 866 2944 Lachmannus
893 2879 1013 2946 iniuria
1037 2879 1160 2946 Datani
1189 2879 1382 2964 scripturam

257 2992 437 3074 suspectam
461 2987 588 3053 videtur
612 2985 778 3068 habuisse;
802 2988 914 3054 scribit
937 2989 993 3056 ille
1016 3010 1141 3053 versum
1164 2989 1225 3053 sie:

417 3102 498 3164 Naue
521 3101 586 3163 siue
609 3099 750 3164 dentibus
773 3109 826 3164 est.
857 3101 915 3163 Hie
938 3101 1037 3162 deestis
1060 3099 1288 3180 sesquipedalis.

255 3206 347 3274 Libri
369 3207 515 3293 plerique
546 3205 701 3272 exhibent
726 3210 823 3273 dentis
850 3228 975 3290 seseque
998 3207 1126 3285 dedatis,
1152 3203 1181 3268 D
1205 3207 1303 3272 deestis
1326 3209 1381 3270 bos
1438 3234 1441 3244 ¹

256 3317 499 3400 sesquipedalis,
535 3336 671 3398 quocum
702 3318 735 3379 et
762 3315 847 3381 Riec.
878 3318 911 3379 et
941 3337 960 3378 a
985 3313 1125 3393 faciunt,
1156 3313 1218 3380 uisi
1240 3316 1325 3400 quod
1347 3315 1379 3378 in

255 3421 342 3488 Ricc.
367 3445 411 3503 os,
435 3421 470 3486 in
493 3444 512 3486 a
537 3443 571 3486 os
594 3443 685 3505 esque
707 3422 828 3505 pedalis
851 3421 1006 3506 scriptum
1031 3425 1089 3488 est.
1135 3421 1283 3488 Editores
1306 3425 1380 3508 post

256 3529 455 3596 Lachmanni
484 3532 626 3597 aetatem
659 3551 769 3594 omnes
805 3529 1011 3594 retinuerunt
1040 3552 1147 3595 vocem
1171 3554 1221 3608 0³3
1252 3533 1284 3595 et
1311 3531 1380 3594 iure

256 3639 318 3703 hoc
341 3638 490 3704 videntur
514 3638 639 3704 fecisse:
670 3636 880 3721 oppositionis
903 3659 998 3704 causa
1022 3638 1106 3703 enim
1130 3661 1167 3704 ea
1194 3639 1379 3723 requiritur.

258 3744 319 3810 Sed
356 3747 410 3812 alii
450 3746 513 3812 alio
554 3747 622 3812 loco
663 3767 731 3811 earn
761 3749 953 3829 posuerunt,
992 3745 1212 3813 Froehlichius
1242 3747 1379 3832 Heysius

257 3851 443 3920 Schwabius
466 3853 681 3921 Baehrensius
704 3875 830 3920 versum
854 3853 898 3918 sie
921 3853 1081 3920 scribunt:

416 3964 495 4028 Nom
518 3967 582 4028 sine
606 3966 745 4030 dentibus
768 3973 821 4028 est.
863 3965 905 4029 Os
929 3966 1030 4029 dentis
1054 3965 1285 4046 sesquipedalis.

255 4070 364 4154 Atque
388 4069 468 4137 duae
492 4093 604 4138 causae
628 4071 777 4137 videntur
800 4071 937 4158 eogitari
960 4094 1061 4156 posse,
1089 4072 1205 4157 quibus
1228 4069 1378 4136 commoti

256 4178 301 4244 sic
330 4177 531 4243 scribendum
565 4200 632 4244 esse
664 4183 827 4244 censeant:
867 4183 925 4244 aut
945 4181 1039 4245 enim
1067 4183 1263 4264 putaverunt
1302 4178 1377 4243 sub·

255 4285 434 4353 stantivum
469 4308 504 4352 os
533 4307 590 4370 per
620 4307 759 4351 errorem
788 4290 951 4353 mutatum
980 4309 1046 4352 esse
1073 4287 1106 4352 in
1130 4308 1238 4352 vocem
1261 4289 1310 4350 bic
1336 4323 1375 4332 —
