3240 4938
330 500 429 580 62‚40

399 611 526 692 Ignotus
547 595 663 692 pecori,
687 611 769 674 nullo
794 616 972 673 contusus
996 617 1117 674 eruero.

329 715 381 783 Sic
404 715 628 782 Lachmannus
655 716 691 781 in
718 717 823 800 prima
851 714 991 781 editione
1018 736 1145 782 versum
1173 714 1301 801 scripsit
1325 739 1364 782 ex

239 823 444 892 codicibusD
468 821 543 888 etIr
566 824 739 908 eademque
763 827 876 892 extant
899 821 931 886 in
950 820 978 887 G
1000 823 1048 889 ita
1071 827 1190 901 tamen,
1214 827 1252 887 ut
1277 826 1366 890 verbi

240 933 364 998 ediusus
394 931 525 996 litterae
554 941 585 997 ot
614 932 648 995 in
684 951 796 994 rasura
825 929 948 1014 positae
978 930 1052 997 sint.
1104 929 1187 1008 Quid
1215 953 1233 996 a
1261 931 1366 1015 prima

240 1062 336 1106 manu
371 1041 539 1105 exaratum
574 1037 682 1116 fuerit,
712 1036 824 1120 dispici
852 1059 916 1101 non
939 1038 1004 1103 iam
1038 1041 1161 1123 potest,
1196 1038 1311 1104 sedin
1339 1035 1366 1102 Ο

240 1148 361 1235 legitur
385 1149 547 1212 conclusus
574 1148 608 1210 et
636 1145 668 1210 id
697 1143 796 1210 etiam
826 1144 858 1207 in
888 1142 916 1208 G
944 1145 1089 1212 extitisse
1116 1148 1193 1212 ente
1220 1167 1367 1213 rasuram

239 1255 421 1342 ponendum
438 1257 496 1321 est.
532 1251 674 1330 Quarum
695 1251 927 1336 scripturarum
944 1252 1081 1318 alteram
1097 1257 1257 1320 conclusus
1272 1253 1368 1320 nihili

239 1385 317 1443 esse,
350 1364 488 1428 alteram
514 1370 656 1427 contusus
683 1359 862 1425 sententiae
885 1362 963 1426 sutis
987 1361 1091 1427 iacere
1114 1365 1260 1447 apparet.
1306 1359 1367 1426 Sed

240 1493 312 1537 eum
342 1475 502 1536 conclusus
531 1491 570 1534 ex
593 1478 736 1534 cocturus
765 1468 921 1534 scribendi
949 1491 1056 1535 errore
1078 1473 1186 1535 ortum
1213 1491 1367 1535 essenon

242 1601 319 1644 sune
342 1578 509 1664 probabile
531 1577 584 1656 eit,
609 1576 794 1661 suspicionis
817 1598 928 1642 ansam
944 1578 1017 1644 inde
1032 1599 1157 1644 sumere
1172 1577 1378 1659 debebimus,‘

243 1710 318 1752 nunr
344 1687 428 1752 forte
453 1695 595 1751 contusus
619 1708 638 1750 a
660 1687 839 1750 correctore
861 1684 1080 1771 excogitatum
1101 1687 1154 1768 sit,
1178 1709 1241 1772 quo
1257 1690 1368 1772 aperte

240 1797 429 1880 corruptum
461 1797 622 1860 conclurus
649 1794 843 1858 emendaret.
894 1792 939 1858 Et
973 1816 1035 1860 non
1064 1793 1131 1860 eine
1158 1796 1245 1861 iusta
1272 1817 1368 1861 causa

238 1925 298 1970 nos
321 1903 366 1970 sic
390 1924 485 1990 agere
509 1923 548 1968 ex
567 1901 672 1967 codice
687 1899 840 1966 Thuaneo
857 1901 1070 1986 intellegitur,
1093 1901 1121 1966 is
1137 1902 1270 1986 praebet
1285 1906 1367 1968 nullo

241 2015 401 2077 convolsae
424 2021 549 2087 aratr03
574 2009 634 2074 hoc
658 2008 742 2073 enirn
767 2013 927 2075 concodeus
950 2009 991 2075 ab
1015 2009 1238 2094 antiquissimo
1261 2012 1366 2077 codiee

240 2119 513 2197 commendatum,
541 2120 655 2202 poetae
685 2117 813 2202 ingenio
843 2116 978 2203 dignum
1005 2137 1070 2182 non
1097 2117 1274 2203 poterimus
1304 2141 1367 2185 non

238 2229 411 2315 genuinum
436 2229 563 2312 putare.
601 2224 713 2310 Neque
736 2225 769 2290 id
791 2226 839 2291 ita
862 2229 911 2291 est
935 2230 1167 2312 comparatum,
1192 2231 1229 2292 ut
1250 2227 1365 2294 codicis

240 2334 267 2401 O
290 2336 450 2420 scriptura
474 2355 538 2400 non
559 2333 685 2398 librarii
708 2355 815 2400 errore
837 2356 876 2399 ex
899 2356 936 2400 eo
958 2337 1031 2400 orta
1054 2356 1121 2401 esse
1143 2335 1259 2420 possit3
1284 2359 1358 2402 nam

241 2442 429 2509 Baehrensii
445 2441 614 2521 rationem,
637 2463 702 2526 qua
717 2442 967 2526 discrepantiam
982 2443 1066 2508 hanc
1081 2443 1241 2528 explicare
1257 2445 1366 2510 studet
1464 2507 1471 2524 ,

242 2549 287 2636 (p.
303 2549 389 2638 XX),
412 2553 450 2616 nt
473 2550 551 2615 satis
568 2549 699 2615 dubium
714 2549 878 2615 obicimus.
916 2551 1082 2616 Concursus
1097 2554 1206 2617 eutem
1222 2550 1367 2636 Hauptio

241 2662 390 2724 monente
412 2659 510 2725 etiam
533 2658 759 2725 Lachmannus
783 2657 817 2724 in
840 2659 945 2724 altere
969 2658 1107 2726 editione
1131 2659 1239 2725 edidit.

330 2765 384 2850 5‚8

399 2878 478 2943 Dein
501 2878 602 2941 mille
626 2877 736 2954 altere,
761 2876 845 2940 dein
867 2877 1004 2941 secunda
1021 2885 1151 2941 eentum.

316 2983 367 3049 ¹In
389 2983 416 3049 L
438 2985 480 3050 ab
503 2983 573 3068 ipsc
596 2983 700 3050 scribe
723 3004 832 3049 versus
855 3004 913 3067 per
936 3005 1077 3050 errorem
1100 2983 1233 3051 omissus
1256 2986 1322 3065 est,
1347 3007 1367 3051 e

242 3095 420 3161 correctore
443 3114 518 3158 vcro
540 3092 575 3157 in
599 3092 744 3177 margine
766 3092 811 3156 sic
834 3089 1030 3174 adscriptus:

400 3202 517 3266 Deinde
540 3203 619 3264 mille
643 3202 743 3264 alteru
767 3201 875 3264 deinde
896 3201 1033 3265 secunda
1058 3210 1187 3281 centum,

242 3329 321 3391 quae
345 3309 506 3393 scriptura
530 3306 617 3372 facili
640 3329 737 3392 opera
759 3308 808 3372 ita
831 3307 1014 3393 corrigitur,
1042 3313 1080 3374 ut
1103 3331 1161 3393 pro
1185 3312 1294 3375 deiude
1318 3311 1367 3376 bis

240 3416 343 3483 forma
368 3417 588 3500 monosyllaba
612 3419 683 3482 deta
706 3419 856 3500 ponetur,
879 3415 912 3481 id
936 3418 1019 3500 quod
1037 3417 1101 3483 iam
1118 3418 1195 3484 Itali
1211 3419 1365 3484 fecerunt.

240 3524 339 3604 Idem,
371 3526 454 3610 quod
485 3525 589 3590 altera
620 3547 732 3590 manus
762 3525 877 3591 codicis
901 3525 928 3590 L
954 3526 987 3590 in
1016 3526 1163 3613 margine
1186 3527 1366 3612 adscripsit¹

242 3632 344 3698 habet
360 3631 397 3715 O,
422 3633 539 3700 hebuit
555 3633 659 3717 prima
675 3655 787 3699 manus
803 3633 880 3697 libri
896 3631 938 3710 G;
959 3632 1013 3698 sed
1030 3634 1062 3698 in
1078 3634 1139 3700 hoc
1155 3658 1174 3700 a
1190 3639 1368 3701 correctore

243 3744 324 3806 mille
347 3745 511 3807 mutatum
535 3744 584 3807 cst
607 3740 641 3806 in
664 3746 716 3820 aei,
739 3743 879 3807 alterum
902 3745 1011 3808 deiude
1034 3742 1067 3808 in
1092 3745 1148 3807 du:

400 3851 517 3915 Deinde
540 3854 582 3914 ari
605 3853 705 3915 altera
729 3852 771 3915 do
793 3852 931 3916 secunde
955 3862 1082 3916 centum.

235 3954 319 4022 ‘Ourn
359 3961 538 4025 correctore
578 3959 654 4023 libri
694 3957 722 4023 G
761 3959 920 4024 consentit
959 3979 1030 4022 cum
1069 3955 1185 4045 vulgus
1224 3959 1366 4026 codicum

240 4066 310 4128 tum
335 4063 375 4145 D,
400 4065 461 4129 nisi
486 4064 570 4150 quod
594 4065 647 4131 hic
669 4089 728 4150 pro
754 4071 806 4145 mi,
830 4066 930 4132 hebet
953 4090 1009 4131 me.
1046 4065 1159 4152 Magni
1182 4071 1289 4133 autem
1316 4068 1368 4133 hic

239 4171 328 4237 locus
357 4176 407 4237 est
436 4174 604 4254 momenti,
636 4174 718 4258 quod
744 4173 771 4239 Ο
801 4178 833 4240 et
857 4175 961 4258 prima
986 4197 1099 4240 manus
1122 4176 1236 4241 codicis
1260 4175 1288 4240 G
1312 4197 1368 4260 ge-

240 4281 374 4347 nuinum
402 4283 508 4366 ipsum
538 4282 600 4346 levi
631 4285 759 4346 tanturn
785 4305 891 4348 errore
913 4283 1067 4348 infectum
1093 4284 1264 4396 praebent,
1295 4305 1366 4347 curn

1173 4372 1190 4424 2
