3240 4938
826 362 845 424 3

276 539 326 602 vel
351 541 443 602 attiae
474 537 640 614 scribitur3
670 538 702 601 in
727 537 754 602 G
779 543 886 604 autem
910 540 1014 603 tribus
1038 539 1114 604 loeis
1139 539 1181 625 (r.
1209 542 1236 607 1.
1262 542 1315 608 32.
1340 544 1398 630 27)

276 650 353 712 eatis
378 647 429 711 vol
453 651 541 724 atate,
566 647 670 713 tribus
688 646 731 731 (v.
749 647 803 711 45.
822 648 875 712 42.
893 647 950 734 88)
975 654 1048 714 attis
1072 654 1104 714 et
1129 653 1205 714 attia
1229 654 1398 717 exaratum

274 759 337 831 eat3
366 755 400 819 in
425 753 453 821 0
476 757 591 839 quator
620 754 663 838 (v.
690 756 719 822 1.
743 757 796 822 27.
822 758 874 822 32.
900 757 957 843 45)
988 760 1066 821 aetio
1089 759 1140 822 vel
1164 763 1251 837 atris,
1280 759 1329 825 bis
1353 758 1397 844 (v.

273 860 327 926 42.
353 861 409 949 88)
435 857 521 927 aaran.

365 967 485 1034 Similis
514 974 562 1036 est
592 969 675 1035 ratio
703 969 838 1034 nominis
868 971 975 1035 Acmes
1004 972 1037 1035 in
1061 993 1086 1036 o.
1113 969 1166 1037 45,
1213 970 1394 1037 Nemeum

274 1077 444 1161 quinquies
479 1077 541 1142 hoo
573 1099 689 1142 nomen
719 1077 847 1142 obvium
876 1078 935 1142 fiat
969 1080 1002 1143 in
1037 1079 1097 1144 hoo
1130 1080 1280 1159 carmine,
1316 1103 1397 1145 unus

275 1185 363 1249 loeus
394 1184 436 1268 (v.
463 1184 518 1270 10)
546 1185 646 1264 infra,
683 1184 737 1248 ubi
766 1185 803 1248 de
833 1186 1080 1251 correctionibus
1110 1186 1185 1252 libri
1215 1185 1243 1251 G
1270 1191 1395 1272 egetur,

276 1291 489 1375 respiciendus
514 1297 571 1371 ost,
602 1291 716 1357 ceteris
740 1298 896 1378 quattuor
919 1293 996 1358 loeis
1018 1294 1052 1358 in
1077 1293 1106 1357 D
1130 1299 1163 1358 et
1186 1293 1211 1357 L
1236 1317 1324 1376 apme
1347 1296 1398 1361 vel

276 1421 384 1481 apruea
408 1402 509 1477 extat,
535 1397 561 1462 G
586 1402 619 1463 et
644 1399 671 1464 Ο
694 1403 745 1464 ter
767 1398 883 1463 saltem
899 1399 942 1484 (v.
961 1401 989 1466 1.
1009 1401 1039 1466 2.
1057 1402 1113 1486 23)
1138 1407 1245 1466 veram
1260 1403 1398 1469 nominis

274 1506 410 1572 formam
439 1508 501 1572 etsi
529 1507 648 1572 litteris
677 1508 760 1573 malo
789 1508 949 1573 distinctis
979 1509 1132 1574 exhibent
1155 1533 1193 1576 aa
1216 1535 1262 1577 me
1285 1513 1335 1577 vel
1360 1536 1399 1578 ao

274 1637 352 1694 mea,
377 1617 474 1682 semol
498 1619 627 1681 tanturn
653 1614 696 1704 (v.
720 1617 778 1703 21)
804 1621 840 1681 ut
862 1618 912 1682 illi
937 1640 1054 1701 apmea.

363 1723 545 1808 Aliquotios
571 1722 780 1790 Laohmenno
810 1726 894 1790 bona
918 1727 1093 1809 scriptura,
1124 1749 1205 1810 quae
1229 1732 1341 1811 postea
1363 1730 1397 1794 in

274 1829 301 1896 G
325 1832 457 1896 inventa
487 1837 550 1911 est,
580 1855 619 1898 ex
647 1832 752 1898 oodioe
779 1833 998 1899 Laurentiano
1022 1832 1101 1917 (La⁹
1126 1834 1209 1916 apud
1234 1835 1397 1921 Ellisium)

274 1937 325 2001 vel
349 1960 388 2003 ex
410 1937 556 2004 Parisino
579 1939 694 2026 (7989)
719 1944 797 2005 uota
821 1946 905 2006 erat:

365 2045 441 2123 25,7

436 2157 661 2238 Εαάανίαηιᾳαο
686 2158 887 2221 Saetabum
911 2161 1179 2242 catapraptorque
1204 2161 1323 2244 Thynos

432 2266 595 2328 saltatum
618 2262 705 2330 DLO
728 2267 916 2330 settabam
940 2264 1003 2331 La²
1031 2270 1211 2332 eaettabam
1235 2265 1262 2330 G

365 2368 465 2448 39,12

434 2481 495 2543 Aut
517 2482 732 2544 Lanuuinus
757 2489 825 2544 ater
848 2489 940 2563 atque
963 2483 1106 2548 dentatae

435 2589 619 2653 lanuinus
641 2587 698 2651 DL
722 2591 924 2654 tamtaiaas
948 2588 1075 2659 La'GO

365 2691 443 2771 522

436 2805 518 2867 Sella
541 2807 573 2869 in
597 2808 695 2869 carali
717 2815 836 2870 arama
860 2806 891 2868 N
895 2808 1003 2870 oniae
1025 2808 1108 2872 seda

433 2917 565 2978 neotus
587 2912 617 2977 D
641 2936 756 2980 aoaas
780 2912 805 2976 L
829 2919 968 2979 aoniae
992 2913 1119 2981 La²GO

333 3075 336 3083 .
364 3019 485 3098 61‚104
511 3022 603 3108 (100)

434 3130 459 3191 Α
485 3133 545 3193 tate
568 3133 680 3194 terreris
702 3132 805 3192 volet

435 3240 535 3301 nolet
559 3234 589 3299 D
612 3239 728 3301 nollet
752 3234 778 3298 L
801 3238 901 3300 uolet
925 3235 1058 3303 LarPar
1075 3237 1132 3304 (ΞΟ

366 3342 463 3420 63,33

441 3453 534 3516 Veluti
555 3455 713 3516 iaoeaoa
735 3457 836 3518 oilaaa
859 3476 934 3519 oreae
957 3459 1105 3520 indomita
1129 3461 1191 3540 iaqe'

433 3563 584 3626 iuuenta
608 3560 665 3626 DL
689 3566 850 3627 iaaeaaa
873 3561 1004 3628 La¹GO

365 3668 463 3746 63‚r3

431 3781 586 3842 Iamiam
610 3782 688 3844 dolet
712 3781 793 3862 quod
816 3784 874 3862 epi,
897 3785 959 3845 iam
982 3786 1132 3865 tamque
1153 3787 1291 3865 paenitet

431 3889 503 3950 iam
528 3885 556 3950 D
580 3891 652 3951 iam
676 3890 773 3970 qaod
796 3885 821 3949 L
845 3892 994 3973 iuraque
1018 3887 1148 3954 La⁹GO

367 3994 440 4071 11‚3

434 4102 518 4164 bitus
541 4111 578 4165 at
602 4105 688 4185 loape
711 4115 874 4170 resonante
899 4099 987 4171 an

432 4212 494 4274 abi
518 4208 575 4274 DL
598 4223 635 4274 ut
659 4209 722 4277 Par
738 4210 794 4276 GO

360 4315 506 4400 Apparet
530 4319 616 4384 huno
639 4342 737 4384 unum
762 4321 867 4386 looum
892 4324 994 4387 multo
1017 4344 1083 4388 esse
1099 4321 1279 4444 gravinam
1296 4344 1394 4406 quarn

1205 4414 1219 4465 1
