3240 4938
824 273 861 342 71

280 461 398 522 interca
432 459 504 534 lma,
541 454 567 521 O
597 461 715 522 iruerea
750 460 835 522 leaeo.
893 453 1080 523 Oxoniensis
1115 459 1306 544 scripturam
1340 461 1405 527 iam

279 588 311 649 p.
337 564 378 629 35
403 563 617 646 probavimus.
795 629 801 640 ,

369 669 541 736 Nonnullis
569 671 645 737 locis
672 670 803 738 dubium
833 694 899 738 esse
923 672 1031 750 debet,
1063 677 1138 738 utra
1166 674 1327 760 scriptura
1349 696 1406 759 ge-

279 782 378 846 nuina
402 778 459 855 sit,
490 784 523 841 et
550 778 738 863 plerumque
766 803 830 846 non
861 781 998 845 multum
1026 780 1149 861 differt,
1178 785 1286 848 utram
1310 804 1404 867 prae-

281 887 429 965 feramus,
454 886 554 951 veluti

371 995 447 1074 3‚1o

441 1105 491 1166 Ad
513 1105 609 1166 salam
634 1105 788 1167 domiuum
811 1123 906 1186 usque
929 1105 1092 1183 pipilabal.

374 1212 528 1289 Plpilatal
544 1209 584 1288 D,
608 1213 750 1291 plplatal
774 1215 861 1288 cett,
885 1232 949 1294 qua
973 1233 1012 1274 ex
1036 1207 1293 1291 seripturaltali
1317 1215 1404 1294 pipi-

284 1319 359 1381 atol
383 1317 567 1382 effecerunt.

370 1423 447 1504 88,4

441 1537 561 1618 Ecqui
584 1538 644 1598 scis
668 1544 813 1618 quantum
837 1537 986 1615 suscipiat
1008 1535 1131 1598 sceleris

494 1653 522 1706 el
545 1641 650 1726 quiD
696 1650 725 1704 el
749 1645 823 1727 quid
845 1643 920 1707 cett.

370 1748 491 1826 64,196

444 1859 529 1934 Orias
552 1880 618 1940 eqo,
642 1879 700 1921 uae
723 1859 886 1920 miserae
892 1905 902 1935 ,
933 1858 1079 1920 eatrean's
1101 1855 1245 1935 proferre
1268 1857 1404 1920 medullis

493 1963 676 2030 miseraeD
723 1968 835 2029 misera
858 1966 934 2030 cett.

372 2071 445 2150 72‚7

443 2181 502 2258 Oui
524 2185 605 2260 polis
628 2186 694 2246 est?
716 2184 826 2263 laquis.
858 2180 948 2255 Ouod
971 2187 1124 2243 amantem
1149 2180 1265 2242 intuma
1288 2180 1359 2242 talis

493 2291 575 2372 quad
587 2287 654 2368 DL,
679 2310 771 2374 quam
788 2285 855 2366 ΘΟ,
872 2309 931 2372 pro
955 2307 1018 2371 quo
1031 2283 1155 2351 Statius
1168 2289 1242 2370 qula
1265 2286 1403 2371 scripsit.

370 2398 490 2477 68,147

444 2507 548 2582 Quare
570 2507 647 2568 ulau
668 2507 746 2568 satis
769 2513 823 2581 esl,
847 2507 875 2567 si
897 2504 984 2567 uobis
1006 2505 1034 2565 is
1056 2503 1150 2565 datur
1173 2523 1271 2567 uatus

494 2608 625 2676 uuusD
672 2615 740 2675 auls
763 2615 840 2678 cett.

370 2720 515 2804 Denique
538 2720 576 2785 de
600 2719 677 2784 locis
699 2717 864 2784 nonnullis
888 2715 1102 2782 disserendum
1127 2719 1186 2795 est,
1211 2717 1325 2801 quihus
1348 2717 1404 2782 alii

283 2829 343 2893 viri
369 2828 454 2894 docti
469 2827 597 2893 Dalano
622 2828 756 2893 nimium
780 2826 959 2890 tribuentes
983 2825 1049 2889 eius
1073 2825 1265 2908 scripturam
1286 2824 1405 2889 iniuria

285 2961 303 3004 a
327 2935 537 3002 Lachmanno
561 2938 713 3001 reiectam
733 2956 799 3000 esse
822 2939 1026 2998 censuerunt:

374 3043 469 3122 maa

318 3232 322 3240 .
369 3149 454 3216 Ina
478 3151 554 3216 etO
578 3158 611 3217 et
634 3153 727 3236 parte
751 3154 930 3214 ceterorum
953 3148 1107 3212 librorum
1132 3146 1211 3213 haec
1232 3146 1403 3226 habentur,

281 3280 362 3342 quae
386 3258 609 3324 Lachmannus
633 3259 771 3341 genuina
795 3257 947 3342 putabat:

443 3369 540 3430 Prata
564 3385 643 3428 arua
666 3368 802 3446 luqeales
823 3367 918 3430 silaus
941 3367 1097 3448 saltusque
1121 3367 1309 3447 paludesque

497 3475 595 3556 Usque
619 3475 661 3536 ad
684 3473 896 3556 Hyperboreos
920 3483 947 3536 el
970 3492 1057 3537 auare
1081 3475 1123 3536 ad
1148 3473 1314 3549 Oceanum,

280 3582 328 3648 ita
352 3585 389 3646 ut
412 3582 598 3649 hexameter
621 3580 664 3646 sit
688 3580 968 3664 hypercatalectus
988 3583 1192 3665 pentametro
1215 3581 1362 3663 proximo
1385 3603 1405 3644 s

280 3691 382 3758 vocali
405 3691 595 3775 incipiento;
625 3690 770 3773 idemque
795 3693 930 3776 apparet
954 3689 1055 3754 latore
1079 3688 1137 3752 sub
1161 3709 1198 3753 eo
1221 3687 1306 3771 quod
1329 3687 1405 3753 libri

281 3797 363 3864 AOL
386 3799 577 3864 exhibent:-

440 3909 539 3971 Prata
564 3929 643 3972 arao
666 3911 801 3986 iuqeutes
823 3908 918 3970 sllaas
942 3906 1040 3970 sallus
1061 3907 1262 3989 paludesque.

280 4013 375 4080 Haud
405 4013 499 4098 pauci
528 4017 636 4078 autom
660 4015 720 4078 riri
744 4013 830 4079 docti
859 4014 893 4078 in
934 4012 994 4078 hae
1032 4012 1192 4098 scriptura
1230 4015 1405 4079 haeserunt

280 4127 313 4186 et
336 4129 465 4212 praetor
489 4125 611 4188 ceteros
636 4111 905 4205 respiciendn'est
922 4120 1069 4188 Boehmii
1093 4123 1263 4200 sententia,
1288 4121 1343 4205 qui
1366 4122 1405 4186 de
1513 4207 1515 4211 7

281 4228 341 4294 hoc
370 4229 439 4294 loco
468 4229 624 4315 copiosius
648 4228 716 4314 egit
740 4230 772 4292 in
796 4233 919 4312 quaest.
945 4227 978 4296 O.
1004 4251 1035 4313 p.
1060 4230 1113 4296 39.
1160 4228 1192 4293 Is
1216 4229 1317 4315 igitur
1340 4248 1402 4292 non
