3240 4938
705 283 850 354 ’48

266 471 367 535 minus
390 472 576 555 probemus,
611 470 691 535 illud
725 472 843 549 obstat,
873 470 958 553 quod
986 471 1117 535 verbum
1145 470 1287 556 fingendi
1315 495 1386 538 eum

263 580 444 645 accusativo
478 580 632 644 materiae
667 601 748 662 quae
787 555 947 642 formitur
981 600 1138 662 nusquam
1173 578 1251 642 alibi
1285 583 1385 645 extet.

263 687 451 753 Putabimus
475 687 575 774 igitur
599 686 696 750 etiam
719 684 800 751 illud
826 688 941 769 finpere
964 685 1060 751 nihili
1083 686 1283 771 pendendum
1309 712 1386 768 esse,

261 795 314 860 sed
343 818 431 860 mero
459 817 565 860 errore
594 815 634 858 ex
662 797 798 876 {iirepere
828 797 935 858 ortum
964 815 1041 861 esse.
1089 793 1203 860 Restat
1226 798 1387 881 scriptura

260 908 355 987 ferris
376 907 513 987 frinpere
537 905 687 980 duritiem,
712 923 752 965 ex
774 923 839 985 qua
861 899 896 965 in
918 901 1112 968 emendando
1135 903 1384 986 proficiscamur.

260 1011 311 1078 Ad
335 1034 404 1077 eam
428 1011 572 1094 proxime
596 1009 717 1075 aceedit
740 1014 783 1089 et,
808 1009 835 1072 si
858 1009 1027 1074 literarum
1051 1006 1164 1073 duetus
1187 1011 1383 1096 respicimur,

260 1143 412 1206 magnam
435 1118 698 1203 probabilitatem
728 1117 827 1182 habet
849 1121 929 1200 ferri
951 1121 1101 1199 rtriupere
1124 1120 1274 1198 duritiem,
1299 1119 1383 1202 quod

259 1229 411 1312 Heysius‚
441 1225 641 1304 Schwabiu,
678 1224 809 1291 Ellisius
843 1226 996 1291 scribunt.
1045 1222 1106 1289 Sed
1140 1226 1215 1309 quid
1243 1226 1303 1292 hoo
1333 1231 1383 1292 est

259 1342 377 1421 serrum
401 1334 572 1417 striupere?
607 1332 738 1398 Ellisius
762 1334 998 1417 interpretatur
1020 1337 1052 1397 iu
1075 1338 1239 1400 stricturas
1262 1356 1380 1419 cepere,

257 1446 342 1529 quod
370 1443 550 1510 sententiae
577 1441 672 1505 huius
701 1442 740 1506 de
768 1463 831 1524 quo
855 1441 965 1527 agitur
994 1441 1054 1507 looi
1078 1463 1142 1507 non
1167 1442 1245 1506 satis
1269 1447 1380 1527 aptum

256 1553 392 1618 videtur.
451 1550 571 1616 Tamen
604 1554 755 1633 strirrpere
790 1573 855 1614 non
884 1549 1077 1616 reiciendum
1112 1572 1179 1616 esse
1208 1555 1297 1636 putu,
1326 1552 1381 1618 sed

256 1661 366 1746 paullo
390 1662 486 1726 aliter
502 1659 741 1743 explicandum:
764 1663 915 1741 rtriupere
927 1664 976 1723 est
991 1682 1140 1742 premere,
1165 1665 1379 1743 comprimam

255 1776 288 1835 et
314 1771 434 1851 ferrum
466 1772 615 1850 strippere
644 1766 717 1831 inde
745 1766 870 1831 videtur
898 1767 1032 1832 cudendi
1060 1768 1224 1832 notionem
1247 1772 1378 1833 neotum

254 1899 330 1955 esse,
359 1877 444 1960 quod
467 1875 589 1940 ferrum
612 1874 687 1938 dum
711 1874 839 1939 cuditur
868 1875 901 1938 111
924 1875 1038 1939 ineude
1061 1875 1246 1959 impositum
1269 1875 1379 1940 mallei

253 1986 370 2050 ictibus
394 1985 615 2068 comprimitur
638 1986 672 2046 et
694 1981 856 2047 densetur.

344 2091 465 2170 64‚102

413 2203 473 2262 Aut
495 2209 620 2263 mortem
644 2210 816 2281 oppeteret
842 2202 971 2264 Theseus
995 2210 1049 2264 nur
1071 2203 1213 2282 praemio
1237 2202 1348 2267 laudm.

341 2305 369 2370 G
381 2310 415 2370 et
427 2307 571 2389 plerique
584 2306 705 2371 codices
717 2306 1038 2390 exbibentoppeteret‚
1052 2307 1376 2392 idemleviterdepra·

249 2420 360 2483 vatum
384 2415 420 2480 iu
443 2413 642 2480 Lachmanni
668 2414 760 2480 libris
788 2419 879 2479 extat
904 2412 947 2501 (D
972 2427 1103 2498 operere,
1133 2414 1323 2504 huppem),
1348 2415 1375 2482 Ο

248 2526 381 2609 praebet
405 2533 572 2608 appeteret,
595 2522 761 2606 quodiam
778 2528 951 2608 antequam
968 2527 1113 2608 repertus
1129 2529 1186 2604 est,
1213 2524 1375 2590 nonnullis

249 2633 325 2699 viris
360 2633 461 2699 doctis
496 2631 602 2715 aptius
638 2633 739 2696 visum
775 2637 807 2698 et
836 2654 938 2716 nuper
966 2658 985 2698 a
1015 2632 1210 2698 Baehrensio
1240 2633 1374 2717 aliisque

248 2741 504 2806 commendatum
531 2743 590 2804 est.
637 2737 690 2804 Ab
713 2741 886 2823 appetendi
916 2743 1011 2808 verbo
1035 2763 1099 2806 non
1123 2744 1199 2824 epte
1222 2741 1282 2806 hoe
1306 2741 1374 2805 loeo

247 2851 364 2933 pendet
388 2857 528 2925 mortem3
554 2857 700 2929 oppetere
723 2859 849 2912 mortem
866 2853 914 2912 est
930 2849 1012 2914 mori
1027 2871 1157 2933 eupere;
1181 2848 1246 2914 iam
1264 2853 1373 2914 autem

248 2959 409 3024 sententia
438 2981 501 3023 non
530 2980 567 3023 ea
595 2959 658 3034 est,
689 2961 724 3020 ut
754 2955 895 3020 Ariadne
925 2957 1117 3040 expalluisse
1141 2957 1275 3037 dicatur,
1301 2981 1373 3025 eum

247 3065 387 3133 Theseus
411 3071 523 3133 eontra
547 3066 767 3132 Minotaurum
791 3086 936 3150 pugnare
965 3065 1095 3149 cupiens
1124 3069 1182 3131 aut
1209 3067 1292 3130 mori
1315 3071 1372 3133 aut

245 3175 389 3258 praemia
404 3175 507 3240 laudis
524 3175 656 3258 adipisci
672 3174 813 3256 cuperet,
838 3174 891 3238 sed
907 3196 979 3238 oum
995 3171 1214 3238 Minotaurum
1230 3174 1371 3239 occidere

245 3283 374 3364 cupiens
398 3285 456 3347 aut
478 3283 575 3346 morti
603 3282 729 3347 obviam
753 3281 816 3344 iret
839 3285 896 3345 aut
918 3281 1061 3365 praemia
1077 3282 1180 3348 laudis
1196 3282 1370 3366 adepturus

244 3394 336 3455 esset.
379 3390 417 3455 ld
440 3396 558 3468 eutem,
587 3389 671 3473 quod
694 3410 752 3454 nos
781 3388 1009 3469 desideramus,
1034 3391 1132 3456 morti
1163 3389 1367 3472 obviamne,

244 3499 327 3562 inest
350 3499 383 3562 in
407 3498 599 3583 pervulgate
614 3496 753 3562 diutione
769 3508 894 3563 mortem
910 3510 1061 3581 oppetere.
1098 3497 1182 3564 Sane
1198 3495 1368 3583 oppetendi

243 3607 376 3671 verbum
404 3608 480 3690 apte
507 3610 636 3672 tantum
664 3603 702 3669 de
726 3608 829 3670 morte
858 3606 989 3685 dieitur,
1018 3611 1160 3690 praemio
1189 3609 1365 3684 1111111101]-

242 3723 346 3796 petere
379 3736 442 3780 non
472 3713 565 3780 facile
594 3714 791 3790 inveniatur,
827 3713 882 3778 sed
909 3736 981 3779 eum
1011 3727 1136 3782 mortem
1165 3718 1199 3780 et
1226 3717 1367 3797 proemia

243 3825 344 3886 laudis
368 3824 458 3888 iuxta
481 3822 587 3906 posita
610 3822 684 3899 sint,
709 3821 741 3884 in
766 3844 803 3885 ea
828 3843 861 3886 re
885 3822 1081 3888 haerendum
1105 3830 1244 3903 nonest,
1269 3824 1367 3888 immo

242 3929 309 3994 tale
334 3929 469 3995 liberum
493 3953 593 4015 genus
617 3930 749 4008 dicendi,
773 3951 836 4013 quo
859 3928 1043 4014 saepissime
1066 3935 1179 4012 poetae
1203 3937 1236 3996 et
1252 3930 1365 3997 Graeci

242 4041 275 4101 et
298 4035 436 4102 Romani
460 4042 608 4117 utuntur,
632 4038 784 4104 indicium
813 4038 959 4104 veritatis
983 4039 1089 4122 potius
1113 4060 1208 4122 quam
1233 4060 1366 4122 corrup·

241 4146 326 4212 telae
348 4168 415 4212 esse
438 4146 540 4211 debet.
