3240 4938
815 297 854 358 41

276 477 420 539 veterum
449 497 508 540 usu
543 477 576 538 et
611 474 838 538 cousuetudine
872 474 996 539 dicendi
1026 463 1206 539 discendum
1236 476 1294 552 est,
1324 473 1401 557 quid

275 581 339 644 illis
362 581 529 664 placuerit.
577 581 681 656 Quare
705 605 744 646 ne
768 582 828 646 hac
851 583 978 667 quidem
1002 581 1136 661 ratione,
1164 603 1226 665 qua
1251 583 1398 662 maxime,

274 689 329 774 qui
362 693 475 755 contra
505 692 698 775 scripturam
727 693 814 754 nobis
841 696 1006 776 pugnant,
1043 691 1200 768 nituntur,
1225 691 1398 774 quidquam

274 799 358 862 effici
380 820 471 882 posse
495 803 641 884 apparet.
676 798 754 862 Inde
778 804 896 877 autem,
920 800 1004 883 quod
1028 799 1163 862 vidimus
1180 802 1289 863 nostro
1305 819 1399 861 sensu

273 906 444 972 desiderari
472 929 563 990 posse
591 907 758 991 epitheton
787 907 826 971 ad
856 907 1093 971 substantivum
1123 929 1196 972 occe
1223 906 1398 990 pertinens,

273 1015 409 1080 fortasse
438 1017 591 1100 explicari
620 1020 728 1099 potest
758 1015 848 1100 origo
877 1015 1109 1099 discrepantiae
1136 1016 1221 1078 inter
1249 1016 1336 1078 uotis
1365 1018 1398 1079 et

272 1126 396 1188 blanda.
444 1121 535 1184 Mero
570 1122 698 1206 quidem
727 1145 833 1189 errore
863 1127 900 1187 ut
928 1125 1014 1188 uobis
1042 1146 1106 1187 non
1135 1145 1174 1186 ex
1203 1124 1319 1186 blando
1350 1122 1397 1187 ita

272 1235 387 1295 blondo
416 1252 480 1295 non
511 1253 549 1294 ex
578 1235 665 1297 nobis
694 1232 769 1296 oriri
794 1232 911 1314 potuit.
959 1229 1019 1296 Sed
1043 1231 1112 1296 fieri
1135 1235 1257 1315 potest,
1287 1235 1324 1294 ut
1348 1232 1397 1294 vir

271 1340 387 1422 aliquis
412 1339 498 1404 haud
521 1341 651 1418 stultus,
675 1341 726 1406 cui
751 1340 828 1403 item
852 1343 890 1403 ut
912 1339 1107 1404 Baehrensio
1130 1361 1205 1406 cccc
1229 1344 1296 1404 tarn
1313 1342 1397 1406 nude

270 1447 410 1530 positum
433 1448 589 1533 languere
613 1449 791 1528 videbatur,
815 1472 874 1533 pro
896 1452 984 1513 uobis
1007 1448 1170 1532 scripserit
1192 1451 1317 1515 blanda.
1352 1447 1396 1512 Et

269 1577 310 1620 nc
337 1555 408 1640 quis
436 1555 496 1621 hoc
520 1557 668 1624 audacius
698 1582 717 1622 a
748 1557 838 1622 uobis
862 1557 939 1642 poni
968 1561 1076 1641 putet,
1106 1557 1256 1642 respiciat
1279 1559 1395 1638 locum,

269 1663 307 1728 de
340 1687 404 1748 quo
437 1665 530 1730 modo
565 1666 703 1750 egimus,
738 1665 877 1745 61‚106;
914 1665 958 1730 ibi
993 1687 1032 1729 ex
1066 1665 1227 1748 scriptura
1255 1669 1396 1750 lentoque

269 1773 446 1838 mutatione
469 1796 533 1840 non
557 1779 645 1840 recta
669 1775 797 1857 quidem
821 1775 874 1838 sed
897 1775 1000 1840 libera
1016 1777 1049 1838 et
1071 1773 1250 1838 sententiae
1267 1775 1395 1860 egregie

261 1881 474 1946 *conveniente
509 1881 658 1946 effectum
695 1887 766 1947 erat
794 1887 876 1947 lento
904 1884 967 1948 ced.
1015 1880 1123 1965 Atque
1153 1881 1191 1961 ei,
1227 1883 1283 1964 qui
1311 1883 1395 1947 hanc

267 1988 483 2054 coniecturam
514 1990 723 2076 excogitavit,
747 1990 827 2055 illud
851 2013 977 2075 quoque
1007 1990 1119 2075 opinor
1142 1991 1284 2055 tribuere
1307 1992 1393 2070 licet,

268 2101 304 2160 ut
327 2119 386 2182 pro
410 2100 498 2163 nobis
521 2098 684 2182 scripserit
712 2102 829 2164 blanda
851 2091 1032 2165 mutatione
1055 2101 1088 2163 et
1112 2099 1181 2184 ipsa
1205 2123 1269 2164 non
1294 2104 1392 2179 recta,

266 2206 319 2271 sed
354 2228 418 2270 non
452 2207 558 2272 minus
586 2207 703 2287 libera,
739 2231 804 2273 non
833 2209 939 2274 minus
966 2209 1146 2273 sententiae
1175 2209 1393 2274 conveniente.

265 2316 361 2378 Nobis
389 2318 497 2380 autem
520 2316 710 2382 mutandum
741 2337 808 2382 esse
832 2317 886 2382 ille
910 2339 945 2381 ec
970 2316 1095 2383 facilius
1119 2317 1180 2381 sibi
1203 2315 1393 2400 persuadere

264 2425 405 2506 poterat,
429 2423 512 2506 quod
537 2423 671 2490 fortasse
696 2425 841 2491 dativum
864 2429 938 2490 miti
953 2427 992 2491 ad
1008 2424 1231 2510 praecedentia
1248 2423 1392 2489 trahenti

263 2529 434 2596 videbatur
458 2531 522 2595 iam
545 2553 610 2596 non
633 2533 720 2597 locus
745 2556 811 2600 esse
835 2534 1018 2618 pronomini
1041 2536 1138 2598 nebu.

353 2637 478 2719 Restat,
510 2646 547 2705 ut
582 2641 620 2704 de
655 2645 819 2708 structura
854 2641 1067 2728 grammatica
1091 2640 1292 2719 disseramus,
1327 2662 1391 2724 qua

266 2750 396 2830 poetam
419 2747 534 2814 dixisse
557 2751 720 2836 ponimus:

420 2860 493 2922 miti
514 2881 575 2924 non
598 2861 675 2924 haec
697 2865 827 2926 miserae
850 2881 979 2944 sperare
1001 2862 1137 2924 iubebas.

262 2963 368 3049 Atque
398 2965 503 3049 priore
533 2967 661 3051 quidem
690 2972 798 3033 aetate
823 2968 910 3033 verbi
933 2967 1062 3033 iubendi
1085 2989 1157 3031 cum
1181 2966 1290 3031 dativo
1314 2987 1389 3030 con-

262 3072 364 3138 iuncti
401 3074 479 3138 sutis
513 3095 632 3158 magua
656 3077 873 3159 exemplorum
903 3075 993 3159 copia
1024 3073 1100 3140 viris
1130 3073 1230 3139 doctis
1259 3076 1388 3159 praesto

261 3184 343 3246 erat.
380 3180 509 3247 Nostris
533 3185 641 3246 autem
658 3181 855 3262 temporibus
879 3182 1037 3248 codicibus
1054 3181 1233 3248 accuratius
1250 3179 1387 3243 excussis

259 3287 324 3352 iam
336 3288 484 3373 plurimis
496 3309 605 3352 eorum
614 3288 983 3375 nihilprobariepparet.
997 3283 1388 3375 ApudLiviumXXXXII
1445 3290 1454 3314 l

260 3392 335 3472 28,1
347 3397 476 3480 egregia
489 3395 628 3461 Bekkeri
640 3398 822 3463 coniectura
833 3399 1018 3464 restitutum
1033 3403 1107 3464 este
1119 3399 1277 3481 republica
1289 3397 1386 3458 elsam

259 3512 336 3568 erct.
348 3501 385 3567 In
393 3501 1386 3590 eiusdemscriptorislibroXXVII24‚3hauddubiumest‚quin

257 3632 332 3677 vera
344 3612 503 3697 scriptura
516 3613 559 3678 sit
570 3617 645 3678 iussi
656 3617 770 3680 tribuni
781 3620 907 3680 militum
919 3619 1130 3699 praefectique
1141 3615 1256 3677 socium
1268 3620 1297 3673 et
1308 3631 1384 3673 cen-

257 3723 400 3784 turiones.
426 3718 521 3804 Apud
533 3719 700 3788 Caesarem
713 3724 751 3789 de
763 3724 793 3792 b.
806 3748 833 3790 c.
846 3723 945 3789 11198
958 3724 1104 3789 meliores
1114 3719 1234 3787 codices
1246 3721 1384 3782 nonius-

255 3828 295 3888 εἰ(
307 3825 360 3889 sed
372 3832 592 3895 commendavit
604 3831 768 3900 exhibent.
793 3832 876 3899 Item
889 3833 973 3918 apud
986 3831 1135 3898 Ovidium
1147 3824 1311 3893 metVIII
1320 3825 1384 3890 752

255 3933 376 3999 codices
399 3934 485 3999 inter
506 3940 699 4023 ferratosque
723 3945 756 4006 et
771 3946 956 4027 famulisque
971 3941 1109 4007 variant.
1144 3937 1240 4024 Apud
1256 3934 1383 4000 Livium

256 4040 386 4108 XXVII
423 4045 497 4123 16,8
534 4046 661 4111 dativus
684 4053 887 4134 interruperat
915 4054 1037 4116 scribae
1064 4050 1120 4134 qui
1143 4047 1285 4113 traditur
1317 4066 1381 4108 non

255 4152 427 4218 mutandus
455 4154 582 4240 quidem
607 4159 671 4234 est,
697 4158 748 4222 sed
773 4159 1017 4242 explicationem
1042 4181 1131 4224 suam
1156 4156 1264 4223 habet.
1312 4152 1381 4217 Iam

254 4255 327 4336 loci,
350 4256 406 4342 qui
429 4261 550 4346 aliquid
574 4264 680 4329 valere
697 4270 840 4348 possunt,
865 4271 990 4333 restant
1005 4290 1088 4334 unus
1106 4263 1330 4332 Ciceronianus
1347 4265 1380 4323 et
