3240 4938
345 1304 476 1371 Carolus
499 1303 722 1369 Lachmaunus
751 1303 784 1365 in
814 1300 992 1366 recensione
1020 1298 1197 1365 carminum
1221 1295 1379 1362 Catullia-

255 1435 377 1491 norum,
402 1435 484 1497 quae
508 1434 592 1476 anno
618 1411 703 1476 1829
728 1411 866 1494 primurn
891 1407 923 1470 in
947 1407 1110 1491 publicum
1141 1407 1268 1489 prodiit,
1300 1407 1378 1470 duo·

254 1523 312 1586 bus
336 1520 496 1586 codicibus
520 1543 593 1585 usus
623 1523 682 1598 est,
709 1518 801 1582 libris
825 1514 931 1580 Caroli
963 1512 1041 1579 Dati
1065 1512 1123 1600 (D)
1155 1517 1187 1578 et
1211 1513 1377 1580 Laurentii

255 1627 400 1694 Santeuii
418 1627 489 1716 (L);
514 1629 599 1694 iuter
623 1650 702 1713 quos
717 1625 758 1705 D,
782 1625 844 1689 nisi
865 1629 976 1708 aperte
992 1623 1075 1688 falsa
1098 1628 1131 1688 et
1154 1623 1229 1688 fieta
1246 1625 1379 1707 praebe-

254 1736 321 1815 bat,
356 1736 460 1801 multo
494 1736 648 1802 maiorem
683 1757 778 1818 quam
808 1732 835 1797 L
864 1731 959 1796 fidem
986 1731 1138 1797 habebat.
1187 1730 1293 1815 Atque
1316 1732 1379 1797 hac

254 1844 393 1909 editione
419 1866 491 1908 eum
515 1867 587 1908 cum
610 1844 644 1908 in
668 1840 866 1907 recensendis
889 1845 1002 1923 poetae
1029 1838 1223 1904 carminibus
1252 1840 1379 1904 firmum

255 1951 409 2015 struxisse
435 1949 678 2015 fundamentum
703 1953 770 2011 tum
795 1949 829 2012 in
854 1947 1049 2011 emendando
1073 1949 1166 2011 textu
1190 1947 1308 2011 multos
1333 1948 1380 2011 Io-

256 2077 308 2120 cos
333 2057 461 2142 egregie
485 2055 662 2121 restituisse
685 2054 757 2119 iude
781 2055 822 2120 ab
846 2054 912 2119 eius
929 2057 1036 2118 aetate
1059 2075 1158 2138 usque
1181 2054 1220 2146 ad
1236 2059 1381 2121 nostram

256 2185 398 2230 summus
421 2165 506 2229 inter
530 2164 613 2228 viros
637 2163 744 2229 doctos
761 2181 928 2226 consensus
944 2165 1024 2226 erat.
1070 2159 1249 2229 Novissime
1273 2167 1380 2230 autem

255 2273 453 2352 extiterunt,
476 2270 546 2354 qui,
570 2270 715 2354 quamvis
740 2292 858 2356 magna
882 2269 949 2334 eius
973 2271 1010 2335 de
1033 2269 1229 2335 emendando
1253 2269 1381 2337 Catullo

255 2381 369 2444 merita
395 2383 615 2465 agnoscerent,
639 2383 747 2443 tamen
771 2398 900 2461 prorsus
924 2377 1041 2442 falsum
1065 2381 1097 2441 et
1121 2378 1280 2444 incertum
1308 2401 1380 2444 eum

256 2487 390 2553 editioni
415 2510 490 2553 suae
514 2487 757 2551 fundamentum
782 2485 982 2569 supposuisse
1002 2486 1249 2552 arbitrarentur.
1297 2487 1380 2552 Nam

255 2599 329 2682 post
353 2594 551 2660 Laehruauni
575 2593 665 2657 iIIam
690 2615 819 2678 operam
848 2595 1002 2678 protracti
1027 2598 1102 2659 sunt
1132 2595 1163 2658 in
1192 2595 1296 2660 lucem
1320 2596 1381 2661 duo

256 2704 376 2768 codices
393 2700 674 2787 sangermanensis
699 2699 766 2788 (G),
791 2700 913 2784 dequo
938 2704 1059 2785 primus
1084 2702 1230 2788 Silligius
1254 2705 1288 2769 in
1306 2704 1382 2770 Iah-

257 2811 301 2875 uii
325 2811 491 2876 annalium
515 2809 627 2894 philol.
651 2807 733 2873 XIII
757 2807 874 2895 (1830)
899 2811 1038 2890 rettulit,
1064 2816 1097 2876 et
1113 2809 1303 2876 Oxouiensis
1320 2811 1375 2899 (Ο)

255 2921 344 2984 euius
367 2919 486 2983 notitia
503 2917 615 2983 Ellisio
632 2917 766 2982 debetur
789 2916 850 3003 (ed.
876 2919 950 2982 anni
970 2916 1079 3004 1867),
1104 2923 1202 3003 atque
1218 2919 1276 2984 bos
1300 2921 1377 2986 duos

256 3028 337 3091 solos
367 3030 466 3091 testes
494 3027 632 3090 sinceros
674 3046 740 3090 esse
774 3025 823 3089 illi
855 3031 984 3109 putant,
1014 3028 1096 3091 solos
1124 3027 1208 3092 euIm
1237 3050 1276 3092 ex
1311 3030 1379 3113 ipso

256 3135 432 3218 archetypo
478 3131 656 3198 Veronensi
695 3130 768 3217 (V),
804 3154 844 3197 ex
876 3154 957 3215 quo*
975 3155 1083 3198 omnes
1119 3134 1216 3199 libros
1257 3143 1382 3202 nostros

180 3225 182 3228 ¹
255 3240 384 3305 fluxisse
401 3243 537 3317 constat,
554 3238 711 3324 originem
729 3238 869 3315 duxisse,
887 3241 1025 3324 reliquos
1043 3264 1105 3306 uon
1122 3243 1263 3326 exceptis
1280 3223 1382 3309 Laeli·

257 3347 365 3410 manni
389 3346 481 3410 libris
504 3369 543 3410 ex
559 3344 587 3409 G
604 3347 763 3411 derivatos
788 3368 870 3432 esse;
896 3345 1055 3428 Dantem,
1081 3372 1174 3435 quem
1198 3351 1254 3415 ilIe
1270 3351 1382 3416 ducem

256 3454 333 3518 Iocis
365 3454 511 3519 omnibus
536 3454 728 3519 dubitationi
753 3457 897 3520 obnoxiis
926 3457 1079 3543 elegerat,
1116 3460 1286 3543 pessimum
1315 3483 1382 3526 esse

259 3561 401 3626 omnium
426 3561 566 3627 codicum
592 3563 869 3647 interpolatorum,
895 3565 945 3630 cui
970 3567 1060 3631 nulia
1081 3589 1210 3650 prorsus
1225 3569 1302 3634 fides
1326 3569 1384 3633 ha·

256 3669 359 3734 banda
382 3671 434 3734 sit.
475 3669 580 3744 Quare
604 3694 668 3736 uon
691 3672 806 3736 inutile
822 3671 947 3738 videtur
970 3675 1188 3758 quaestionem
1206 3676 1384 3755 instituere,

255 3778 287 3841 in
312 3799 375 3861 qua
415 3778 639 3861 disquiramus,
669 3802 732 3863 qua
762 3785 855 3863 parte
884 3782 1094 3848 fundamenta
1130 3783 1384 3849 abachmanno

255 3883 345 3950 iacta
370 3886 542 3951 deserenda
565 3888 743 3953 videantur.

739 4035 764 4040 .....
771 4033 926 4042 ---—--——-

347 4099 454 4186 Atque
478 4102 582 4185 prima
611 4104 890 4169 commentationis
919 4108 1046 4170 nostrae
1068 4107 1229 4189 particula
1253 4128 1384 4192 agemus

255 4207 293 4271 de
317 4209 423 4274 codice
446 4207 484 4286 G,
509 4231 604 4292 quem
631 4214 664 4275 et
688 4212 896 4276 vetustiorem
912 4210 1111 4277 Lachmanni
1135 4213 1226 4278 libris
1250 4216 1283 4278 ct
1306 4215 1385 4298 ipsi-

257 4335 293 4377 us
324 4316 439 4382 codicis
463 4315 493 4380 V
519 4319 728 4404 apographon
761 4341 828 4384 esse
858 4343 965 4385 omues
990 4321 1204 4388 consentiunt.
1253 4321 1322 4398 Qua
1351 4322 1385 4386 in

1192 4411 1206 4462 1
