<?xml version="1.0" encoding="UTF-8"?>
<!DOCTYPE html PUBLIC "-//W3C//DTD XHTML 1.0 Transitional//EN"
    "http://www.w3.org/TR/xhtml1/DTD/xhtml1-transitional.dtd">
<html xmlns="http://www.w3.org/1999/xhtml" xml:lang="en" lang="en">
 <head>
  <title>
</title>
<meta http-equiv="Content-Type" content="text/html;charset=utf-8" />
  <meta name='ocr-system' content='tesseract 3.04.00' />
  <meta name='ocr-capabilities' content='ocr_page ocr_carea ocr_par ocr_line ocrx_word'/>
</head>
<body>
  <div class='ocr_page' id='page_1' title='image "./derecensendisca00sydogoog_0064.png"; bbox 0 0 3240 4938; ppageno 0'>
   <div class='ocr_carea' id='block_1_1' title="bbox 794 260 835 324">
    <p class='ocr_par' dir='ltr' id='par_1_1' title="bbox 794 260 835 324">
     <span class='ocr_line' id='line_1_1' title="bbox 794 260 835 324; baseline -0.049 0"><span class='ocrx_word' id='word_1_1' title='bbox 794 260 835 324; x_wconf 78' lang='lat'><strong><em>55</em></strong></span> 
     </span>
    </p>
   </div>
   <div class='ocr_carea' id='block_1_2' title="bbox 417 441 1128 521">
    <p class='ocr_par' dir='ltr' id='par_1_2' title="bbox 417 441 1128 521">
     <span class='ocr_line' id='line_1_2' title="bbox 417 441 1128 521; baseline -0.011 -13"><span class='ocrx_word' id='word_1_2' title='bbox 417 441 507 521; x_wconf 81' lang='lat' dir='ltr'><strong><em>Otii,</em></strong></span> <span class='ocrx_word' id='word_1_3' title='bbox 531 442 649 504; x_wconf 84' lang='lat' dir='ltr'><strong><em>reddite</em></strong></span> <span class='ocrx_word' id='word_1_4' title='bbox 673 441 714 502; x_wconf 85' lang='lat' dir='ltr'><strong><em>ori</em></strong></span> <span class='ocrx_word' id='word_1_5' title='bbox 737 441 794 501; x_wconf 79' lang='lat' dir='ltr'><strong><em>too</em></strong></span> <span class='ocrx_word' id='word_1_6' title='bbox 816 460 875 521; x_wconf 90' lang='lat' dir='ltr'><strong><em>pro</em></strong></span> <span class='ocrx_word' id='word_1_7' title='bbox 897 441 1028 520; x_wconf 87' lang='lat' dir='ltr'><strong><em>pietate</em></strong></span> <span class='ocrx_word' id='word_1_8' title='bbox 1052 460 1128 501; x_wconf 86' lang='lat' dir='ltr'><strong><em>meo.</em></strong></span> 
     </span>
    </p>
   </div>
   <div class='ocr_carea' id='block_1_3' title="bbox 342 556 1244 1958">
    <p class='ocr_par' dir='ltr' id='par_1_3' title="bbox 342 556 1244 1958">
     <span class='ocr_line' id='line_1_3' title="bbox 468 556 1244 683; baseline -0.003 -19"><span class='ocrx_word' id='word_1_9' title='bbox 468 598 495 664; x_wconf 95' lang='lat'>0</span> <span class='ocrx_word' id='word_1_10' title='bbox 518 556 679 683; x_wconf 70' lang='lat' dir='ltr'><strong><em>propetote</em></strong></span> <span class='ocrx_word' id='word_1_11' title='bbox 703 596 732 661; x_wconf 92' lang='lat' dir='ltr'>D</span> <span class='ocrx_word' id='word_1_12' title='bbox 755 601 951 680; x_wconf 86' lang='lat' dir='ltr'><strong><em>propietate</em></strong></span> <span class='ocrx_word' id='word_1_13' title='bbox 976 596 1031 662; x_wconf 81' lang='lat' dir='ltr'><strong><em>GL</em></strong></span> <span class='ocrx_word' id='word_1_14' title='bbox 1053 602 1244 681; x_wconf 76' lang='lat' dir='ltr'><strong><em>proprietate</em></strong></span> 
     </span>
     <span class='ocr_line' id='line_1_4' title="bbox 344 707 575 795; baseline 0 -23"><span class='ocrx_word' id='word_1_15' title='bbox 344 709 469 787; x_wconf 63' lang='lat' dir='ltr'><strong><em>cucco</em></strong></span> <span class='ocrx_word' id='word_1_16' title='bbox 481 707 575 795; x_wconf 77' lang='lat'>(193)</span> 
     </span>
     <span class='ocr_line' id='line_1_5' title="bbox 414 819 784 899; baseline -0.005 -19"><span class='ocrx_word' id='word_1_17' title='bbox 414 819 525 899; x_wconf 83' lang='lat' dir='ltr'><strong><em>Perpe,</em></strong></span> <span class='ocrx_word' id='word_1_18' title='bbox 548 839 586 882; x_wconf 85' lang='lat' dir='ltr'><strong><em>ue</em></strong></span> <span class='ocrx_word' id='word_1_19' title='bbox 609 835 784 880; x_wconf 74' lang='lat' dir='ltr'><strong><em>remorare</em></strong></span> 
     </span>
     <span class='ocr_line' id='line_1_6' title="bbox 467 919 1022 987; baseline -0.005 0"><span class='ocrx_word' id='word_1_20' title='bbox 467 919 554 987; x_wconf 84' lang='lat' dir='ltr'><strong><em>ODL</em></strong></span> <span class='ocrx_word' id='word_1_21' title='bbox 576 943 735 987; x_wconf 87' lang='lat' dir='ltr'><strong><em>remorare</em></strong></span> <span class='ocrx_word' id='word_1_22' title='bbox 764 920 792 985; x_wconf 79' lang='lat' dir='ltr'><strong>G</strong></span> <span class='ocrx_word' id='word_1_23' title='bbox 816 939 1022 985; x_wconf 86' lang='lat' dir='ltr'><strong><em>rememorare</em></strong></span> 
     </span>
     <span class='ocr_line' id='line_1_7' title="bbox 345 1031 465 1110; baseline -0.025 -14"><span class='ocrx_word' id='word_1_24' title='bbox 345 1031 465 1110; x_wconf 81' lang='grc'><strong>64,291</strong></span> 
     </span>
     <span class='ocr_line' id='line_1_8' title="bbox 415 1137 1161 1216; baseline -0.004 -17"><span class='ocrx_word' id='word_1_25' title='bbox 415 1137 602 1200; x_wconf 82' lang='lat' dir='ltr'><strong><em>Fianrmoti</em></strong></span> <span class='ocrx_word' id='word_1_26' title='bbox 625 1138 823 1201; x_wconf 76' lang='lat' dir='ltr'><strong><em>Phaethontis</em></strong></span> <span class='ocrx_word' id='word_1_27' title='bbox 850 1145 878 1199; x_wconf 88' lang='lat' dir='ltr'><strong><em>ct</em></strong></span> <span class='ocrx_word' id='word_1_28' title='bbox 902 1139 990 1198; x_wconf 77' lang='lat' dir='ltr'><strong><em>aeria</em></strong></span> <span class='ocrx_word' id='word_1_29' title='bbox 1014 1155 1161 1216; x_wconf 77' lang='lat' dir='ltr'><strong><em>cupressu</em></strong></span> 
     </span>
     <span class='ocr_line' id='line_1_9' title="bbox 467 1240 1100 1325; baseline -0.003 -17"><span class='ocrx_word' id='word_1_30' title='bbox 467 1241 494 1308; x_wconf 90' lang='grc' dir='ltr'>Ο</span> <span class='ocrx_word' id='word_1_31' title='bbox 517 1245 634 1325; x_wconf 70' lang='lat' dir='ltr'><strong><em>temeti</em></strong></span> <span class='ocrx_word' id='word_1_32' title='bbox 657 1243 686 1307; x_wconf 91' lang='lat' dir='ltr'>D</span> <span class='ocrx_word' id='word_1_33' title='bbox 710 1245 858 1325; x_wconf 71' lang='lat' dir='ltr'><strong><em>floremoti</em></strong></span> <span class='ocrx_word' id='word_1_34' title='bbox 882 1240 937 1307; x_wconf 82' lang='lat' dir='ltr'><strong><em>GL</em></strong></span> <span class='ocrx_word' id='word_1_35' title='bbox 960 1243 1100 1323; x_wconf 68' lang='lat' dir='ltr'><strong><em>temerat</em></strong></span> 
     </span>
     <span class='ocr_line' id='line_1_10' title="bbox 345 1354 422 1434; baseline 0 -16"><span class='ocrx_word' id='word_1_36' title='bbox 345 1354 422 1434; x_wconf 65' lang='grc'><strong><em>683</em></strong></span> 
     </span>
     <span class='ocr_line' id='line_1_11' title="bbox 414 1461 1188 1543; baseline -0.003 -18"><span class='ocrx_word' id='word_1_37' title='bbox 414 1462 625 1543; x_wconf 81' lang='lat' dir='ltr'><strong><em>Consoriptcnr</em></strong></span> <span class='ocrx_word' id='word_1_38' title='bbox 649 1463 706 1525; x_wconf 83' lang='lat' dir='ltr'><strong><em>toa</em></strong></span> <span class='ocrx_word' id='word_1_39' title='bbox 729 1462 865 1524; x_wconf 76' lang='lat' dir='ltr'><strong><em>lacrimis</em></strong></span> <span class='ocrx_word' id='word_1_40' title='bbox 888 1462 995 1523; x_wconf 85' lang='lat' dir='ltr'><strong><em>mittis</em></strong></span> <span class='ocrx_word' id='word_1_41' title='bbox 1018 1461 1188 1542; x_wconf 78' lang='lat' dir='ltr'><strong><em>epistolium</em></strong></span> 
     </span>
     <span class='ocr_line' id='line_1_12' title="bbox 465 1564 968 1662; baseline -0.01 -28"><span class='ocrx_word' id='word_1_42' title='bbox 465 1567 524 1635; x_wconf 86' lang='lat' dir='ltr'><strong><em>OD</em></strong></span> <span class='ocrx_word' id='word_1_43' title='bbox 547 1572 639 1633; x_wconf 73' lang='lat' dir='ltr'><strong><em>mitris</em></strong></span> <span class='ocrx_word' id='word_1_44' title='bbox 801 1564 863 1662; x_wconf 24' lang='lat' dir='ltr'><strong><em>GL!</em></strong></span> <span class='ocrx_word' id='word_1_45' title='bbox 879 1570 968 1630; x_wconf 72' lang='lat' dir='ltr'><strong><em>merto</em></strong></span> 
     </span>
     <span class='ocr_line' id='line_1_13' title="bbox 342 1678 462 1757; baseline -0.008 -14"><span class='ocrx_word' id='word_1_46' title='bbox 342 1678 462 1757; x_wconf 83' lang='grc'><strong>64,377</strong></span> 
     </span>
     <span class='ocr_line' id='line_1_14' title="bbox 408 1785 1135 1869; baseline -0.003 -19"><span class='ocrx_word' id='word_1_47' title='bbox 408 1788 577 1851; x_wconf 79' lang='lat' dir='ltr'><strong><em>Hesterno</em></strong></span> <span class='ocrx_word' id='word_1_48' title='bbox 601 1787 710 1850; x_wconf 79' lang='lat' dir='ltr'><strong><em>cottam</em></strong></span> <span class='ocrx_word' id='word_1_49' title='bbox 732 1787 844 1869; x_wconf 83' lang='lat' dir='ltr'><strong><em>poterit</em></strong></span> <span class='ocrx_word' id='word_1_50' title='bbox 868 1785 1061 1848; x_wconf 80' lang='lat' dir='ltr'><strong><em>circumdare</em></strong></span> <span class='ocrx_word' id='word_1_51' title='bbox 1083 1787 1135 1866; x_wconf 73' lang='lat' dir='ltr'><strong><em>fito</em></strong></span> 
     </span>
     <span class='ocr_line' id='line_1_15' title="bbox 464 1889 1083 1958; baseline -0.002 0"><span class='ocrx_word' id='word_1_52' title='bbox 464 1891 491 1958; x_wconf 90' lang='grc' dir='ltr'>Ο</span> <span class='ocrx_word' id='word_1_53' title='bbox 516 1902 636 1957; x_wconf 82' lang='lat' dir='ltr'><strong><em>esterno</em></strong></span> <span class='ocrx_word' id='word_1_54' title='bbox 659 1890 688 1955; x_wconf 93' lang='lat' dir='ltr'>D</span> <span class='ocrx_word' id='word_1_55' title='bbox 712 1896 852 1958; x_wconf 77' lang='lat' dir='ltr'><strong><em>hesterno</em></strong></span> <span class='ocrx_word' id='word_1_56' title='bbox 876 1889 932 1955; x_wconf 87' lang='lat' dir='ltr'><strong><em>GL</em></strong></span> <span class='ocrx_word' id='word_1_57' title='bbox 956 1901 1083 1957; x_wconf 80' lang='lat' dir='ltr'><strong><em>caterno</em></strong></span> 
     </span>
    </p>
   </div>
   <div class='ocr_carea' id='block_1_4' title="bbox 246 2015 1375 2968">
    <p class='ocr_par' dir='ltr' id='par_1_4' title="bbox 246 2015 1375 2968">
     <span class='ocr_line' id='line_1_16' title="bbox 339 2015 1375 2102; baseline 0.002 -20"><span class='ocrx_word' id='word_1_58' title='bbox 339 2015 430 2082; x_wconf 88' lang='lat' dir='ltr'><strong><em>Unus</em></strong></span> <span class='ocrx_word' id='word_1_59' title='bbox 458 2018 544 2082; x_wconf 85' lang='lat' dir='ltr'><strong><em>inter</em></strong></span> <span class='ocrx_word' id='word_1_60' title='bbox 573 2017 631 2083; x_wconf 91' lang='lat' dir='ltr'><strong><em>hos</em></strong></span> <span class='ocrx_word' id='word_1_61' title='bbox 659 2020 709 2082; x_wconf 90' lang='lat' dir='ltr'><strong><em>est</em></strong></span> <span class='ocrx_word' id='word_1_62' title='bbox 738 2019 841 2095; x_wconf 88' lang='lat' dir='ltr'><strong><em>locus,</em></strong></span> <span class='ocrx_word' id='word_1_63' title='bbox 872 2038 935 2102; x_wconf 90' lang='lat' dir='ltr'><strong><em>quc</em></strong></span> <span class='ocrx_word' id='word_1_64' title='bbox 963 2037 1074 2080; x_wconf 89' lang='lat' dir='ltr'><strong><em>verum</em></strong></span> <span class='ocrx_word' id='word_1_65' title='bbox 1109 2016 1204 2082; x_wconf 79' lang='lat' dir='ltr'><strong><em>facile</em></strong></span> <span class='ocrx_word' id='word_1_66' title='bbox 1239 2018 1375 2084; x_wconf 89' lang='lat' dir='ltr'><strong><em>inveniri</em></strong></span> 
     </span>
     <span class='ocr_line' id='line_1_17' title="bbox 249 2125 1375 2215; baseline -0.004 -20"><span class='ocrx_word' id='word_1_67' title='bbox 249 2127 390 2215; x_wconf 89' lang='lat' dir='ltr'><strong><em>potuisse</em></strong></span> <span class='ocrx_word' id='word_1_68' title='bbox 413 2126 627 2192; x_wconf 79' lang='lat' dir='ltr'><strong>concedimus:</strong></span> <span class='ocrx_word' id='word_1_69' title='bbox 653 2125 775 2206; x_wconf 83' lang='lat'>61,200</span> <span class='ocrx_word' id='word_1_70' title='bbox 797 2147 957 2191; x_wconf 86' lang='lat' dir='ltr'><strong><em>remorare</em></strong></span> <span class='ocrx_word' id='word_1_71' title='bbox 979 2147 1038 2210; x_wconf 90' lang='lat' dir='ltr'><strong><em>pro</em></strong></span> <span class='ocrx_word' id='word_1_72' title='bbox 1059 2148 1264 2192; x_wconf 84' lang='lat' dir='ltr'><strong><em>rememorare</em></strong></span> <span class='ocrx_word' id='word_1_73' title='bbox 1280 2127 1375 2192; x_wconf 86' lang='lat' dir='ltr'><strong><em>resti·</em></strong></span> 
     </span>
     <span class='ocr_line' id='line_1_18' title="bbox 249 2233 1375 2322; baseline 0 -19"><span class='ocrx_word' id='word_1_74' title='bbox 249 2241 340 2304; x_wconf 88' lang='lat' dir='ltr'><strong><em>tuere</em></strong></span> <span class='ocrx_word' id='word_1_75' title='bbox 364 2258 429 2302; x_wconf 90' lang='lat' dir='ltr'><strong><em>nou</em></strong></span> <span class='ocrx_word' id='word_1_76' title='bbox 453 2235 563 2321; x_wconf 85' lang='lat' dir='ltr'><strong><em>magui</em></strong></span> <span class='ocrx_word' id='word_1_77' title='bbox 586 2235 708 2322; x_wconf 84' lang='lat' dir='ltr'><strong><em>negotii</em></strong></span> <span class='ocrx_word' id='word_1_78' title='bbox 731 2237 812 2313; x_wconf 82' lang='lat' dir='ltr'><strong><em>erat,</em></strong></span> <span class='ocrx_word' id='word_1_79' title='bbox 836 2233 1027 2319; x_wconf 83' lang='lat' dir='ltr'><strong><em>praesertim</em></strong></span> <span class='ocrx_word' id='word_1_80' title='bbox 1050 2256 1121 2300; x_wconf 89' lang='lat' dir='ltr'><strong><em>cum</em></strong></span> <span class='ocrx_word' id='word_1_81' title='bbox 1145 2247 1375 2303; x_wconf 74' lang='lat' dir='ltr'><strong><em>remoraturos</em></strong></span> 
     </span>
     <span class='ocr_line' id='line_1_19' title="bbox 246 2343 1371 2428; baseline 0 -17"><span class='ocrx_word' id='word_1_82' title='bbox 246 2348 281 2412; x_wconf 89' lang='lat' dir='ltr'><strong><em>iu</em></strong></span> <span class='ocrx_word' id='word_1_83' title='bbox 305 2367 399 2411; x_wconf 85' lang='lat' dir='ltr'><strong><em>versu</em></strong></span> <span class='ocrx_word' id='word_1_84' title='bbox 423 2346 575 2428; x_wconf 87' lang='lat' dir='ltr'><strong><em>sequente</em></strong></span> <span class='ocrx_word' id='word_1_85' title='bbox 599 2347 710 2428; x_wconf 85' lang='lat' dir='ltr'><strong><em>aperte</em></strong></span> <span class='ocrx_word' id='word_1_86' title='bbox 734 2345 774 2408; x_wconf 86' lang='lat' dir='ltr'><strong><em>ad</em></strong></span> <span class='ocrx_word' id='word_1_87' title='bbox 797 2343 883 2407; x_wconf 89' lang='lat' dir='ltr'><strong><em>huuc</em></strong></span> <span class='ocrx_word' id='word_1_88' title='bbox 905 2363 1031 2408; x_wconf 84' lang='lat' dir='ltr'><strong><em>versum</em></strong></span> <span class='ocrx_word' id='word_1_89' title='bbox 1047 2343 1230 2428; x_wconf 76' lang='lat' dir='ltr'><strong><em>respiceret.</em></strong></span> <span class='ocrx_word' id='word_1_90' title='bbox 1263 2343 1371 2412; x_wconf 85' lang='lat' dir='ltr'><strong><em>Etiam</em></strong></span> 
     </span>
     <span class='ocr_line' id='line_1_20' title="bbox 248 2451 1371 2536; baseline -0.002 -16"><span class='ocrx_word' id='word_1_91' title='bbox 248 2454 325 2533; x_wconf 84' lang='lat'>68,2</span> <span class='ocrx_word' id='word_1_92' title='bbox 354 2457 448 2519; x_wconf 87' lang='lat' dir='ltr'><strong><em>mittis</em></strong></span> <span class='ocrx_word' id='word_1_93' title='bbox 482 2473 541 2536; x_wconf 89' lang='lat' dir='ltr'><strong><em>pra</em></strong></span> <span class='ocrx_word' id='word_1_94' title='bbox 570 2455 658 2517; x_wconf 86' lang='lat' dir='ltr'><strong><em>mittit</em></strong></span> <span class='ocrx_word' id='word_1_95' title='bbox 687 2451 888 2518; x_wconf 86' lang='lat' dir='ltr'><strong><em>scribendum</em></strong></span> <span class='ocrx_word' id='word_1_96' title='bbox 916 2474 984 2518; x_wconf 89' lang='lat' dir='ltr'><strong><em>esse</em></strong></span> <span class='ocrx_word' id='word_1_97' title='bbox 1011 2455 1173 2518; x_wconf 86' lang='lat' dir='ltr'><strong><em>attentum</em></strong></span> <span class='ocrx_word' id='word_1_98' title='bbox 1203 2451 1371 2518; x_wconf 84' lang='lat' dir='ltr'><strong><em>librarium</em></strong></span> 
     </span>
     <span class='ocr_line' id='line_1_21' title="bbox 248 2557 1371 2645; baseline 0.002 -20"><span class='ocrx_word' id='word_1_99' title='bbox 248 2561 360 2645; x_wconf 86' lang='lat' dir='ltr'><strong><em>fugere</em></strong></span> <span class='ocrx_word' id='word_1_100' title='bbox 389 2560 443 2624; x_wconf 86' lang='lat' dir='ltr'><strong><em>rix</em></strong></span> <span class='ocrx_word' id='word_1_101' title='bbox 471 2562 610 2644; x_wconf 84' lang='lat' dir='ltr'><strong><em>poterat.</em></strong></span> <span class='ocrx_word' id='word_1_102' title='bbox 657 2557 719 2623; x_wconf 81' lang='lat' dir='ltr'><strong><em>Sed</em></strong></span> <span class='ocrx_word' id='word_1_103' title='bbox 748 2562 855 2624; x_wconf 84' lang='lat' dir='ltr'><strong><em>cetere</em></strong></span> <span class='ocrx_word' id='word_1_104' title='bbox 883 2580 946 2623; x_wconf 89' lang='lat' dir='ltr'><strong><em>uou</em></strong></span> <span class='ocrx_word' id='word_1_105' title='bbox 974 2562 1042 2624; x_wconf 84' lang='lat' dir='ltr'><strong><em>tam</em></strong></span> <span class='ocrx_word' id='word_1_106' title='bbox 1072 2558 1181 2624; x_wconf 81' lang='lat' dir='ltr'><strong><em>facilia</em></strong></span> <span class='ocrx_word' id='word_1_107' title='bbox 1209 2563 1303 2625; x_wconf 87' lang='lat' dir='ltr'><strong><em>eraut</em></strong></span> <span class='ocrx_word' id='word_1_108' title='bbox 1329 2561 1371 2627; x_wconf 86' lang='lat' dir='ltr'><strong><em>ad</em></strong></span> 
     </span>
     <span class='ocr_line' id='line_1_22' title="bbox 248 2655 1370 2752; baseline 0.003 -20"><span class='ocrx_word' id='word_1_109' title='bbox 248 2655 488 2746; x_wconf 82' lang='lat' dir='ltr'><strong><em>inveniendum,</em></strong></span> <span class='ocrx_word' id='word_1_110' title='bbox 518 2670 556 2730; x_wconf 87' lang='lat' dir='ltr'><strong><em>ut</em></strong></span> <span class='ocrx_word' id='word_1_111' title='bbox 585 2667 651 2731; x_wconf 90' lang='lat' dir='ltr'><strong><em>sine</em></strong></span> <span class='ocrx_word' id='word_1_112' title='bbox 680 2666 882 2732; x_wconf 74' lang='lat' dir='ltr'><strong><em>dubitatione</em></strong></span> <span class='ocrx_word' id='word_1_113' title='bbox 911 2665 1083 2733; x_wconf 79' lang='lat' dir='ltr'><strong><em>correctori</em></strong></span> <span class='ocrx_word' id='word_1_114' title='bbox 1106 2667 1207 2732; x_wconf 87' lang='lat' dir='ltr'><strong><em>tribui</em></strong></span> <span class='ocrx_word' id='word_1_115' title='bbox 1229 2670 1370 2752; x_wconf 81' lang='lat' dir='ltr'><strong><em>possint3</em></strong></span> 
     </span>
     <span class='ocr_line' id='line_1_23' title="bbox 248 2774 1370 2861; baseline 0.004 -23"><span class='ocrx_word' id='word_1_116' title='bbox 248 2783 330 2840; x_wconf 84' lang='lat' dir='ltr'><strong><em>teoto</em></strong></span> <span class='ocrx_word' id='word_1_117' title='bbox 359 2777 482 2857; x_wconf 83' lang='lat' dir='ltr'><strong><em>autem,</em></strong></span> <span class='ocrx_word' id='word_1_118' title='bbox 519 2775 602 2860; x_wconf 91' lang='lat' dir='ltr'><strong><em>quod</em></strong></span> <span class='ocrx_word' id='word_1_119' title='bbox 630 2797 667 2840; x_wconf 87' lang='lat' dir='ltr'><strong><em>ea</em></strong></span> <span class='ocrx_word' id='word_1_120' title='bbox 695 2775 824 2840; x_wconf 87' lang='lat' dir='ltr'><strong><em>notione</em></strong></span> <span class='ocrx_word' id='word_1_121' title='bbox 853 2797 916 2861; x_wconf 83' lang='lat' dir='ltr'><strong><em>qua</em></strong></span> <span class='ocrx_word' id='word_1_122' title='bbox 945 2775 1021 2855; x_wconf 86' lang='lat'>80,6</span> <span class='ocrx_word' id='word_1_123' title='bbox 1051 2774 1183 2858; x_wconf 87' lang='lat' dir='ltr'><strong><em>ponitur</em></strong></span> <span class='ocrx_word' id='word_1_124' title='bbox 1215 2798 1370 2860; x_wconf 87' lang='lat' dir='ltr'>nusquam</span> 
     </span>
     <span class='ocr_line' id='line_1_24' title="bbox 248 2877 1215 2968; baseline 0 -19"><span class='ocrx_word' id='word_1_125' title='bbox 248 2883 326 2949; x_wconf 87' lang='lat' dir='ltr'><strong><em>alibi</em></strong></span> <span class='ocrx_word' id='word_1_126' title='bbox 350 2887 450 2964; x_wconf 82' lang='lat' dir='ltr'><strong><em>extat,</em></strong></span> <span class='ocrx_word' id='word_1_127' title='bbox 475 2877 647 2950; x_wconf 87' lang='lat' dir='ltr'><strong><em>correctori</em></strong></span> <span class='ocrx_word' id='word_1_128' title='bbox 671 2882 779 2949; x_wconf 87' lang='lat' dir='ltr'><strong><em>deberi</em></strong></span> <span class='ocrx_word' id='word_1_129' title='bbox 803 2883 999 2949; x_wconf 87' lang='lat' dir='ltr'><strong><em>confidenter</em></strong></span> <span class='ocrx_word' id='word_1_130' title='bbox 1023 2885 1215 2968; x_wconf 86' lang='lat' dir='ltr'><strong><em>negaverim.</em></strong></span> 
     </span>
    </p>
   </div>
   <div class='ocr_carea' id='block_1_5' title="bbox 246 3009 1370 4069">
    <p class='ocr_par' dir='ltr' id='par_1_5' title="bbox 246 3009 1370 3292">
     <span class='ocr_line' id='line_1_25' title="bbox 336 3009 1370 3099; baseline 0.001 -25"><span class='ocrx_word' id='word_1_131' title='bbox 336 3009 380 3075; x_wconf 80' lang='lat' dir='ltr'><strong><em>Et</em></strong></span> <span class='ocrx_word' id='word_1_132' title='bbox 408 3019 485 3076; x_wconf 89' lang='lat' dir='ltr'><strong><em>suut</em></strong></span> <span class='ocrx_word' id='word_1_133' title='bbox 513 3014 681 3095; x_wconf 80' lang='lat' dir='ltr'><strong><em>praetcrea</em></strong></span> <span class='ocrx_word' id='word_1_134' title='bbox 708 3010 784 3089; x_wconf 83' lang='lat' dir='ltr'><strong><em>loci,</em></strong></span> <span class='ocrx_word' id='word_1_135' title='bbox 816 3011 931 3095; x_wconf 91' lang='lat' dir='ltr'><strong><em>quibus</em></strong></span> <span class='ocrx_word' id='word_1_136' title='bbox 959 3012 1045 3076; x_wconf 90' lang='lat' dir='ltr'><strong><em>solus</em></strong></span> <span class='ocrx_word' id='word_1_137' title='bbox 1073 3011 1103 3076; x_wconf 92' lang='lat' dir='ltr'>D</span> <span class='ocrx_word' id='word_1_138' title='bbox 1132 3032 1239 3076; x_wconf 86' lang='lat' dir='ltr'><strong><em>veram</em></strong></span> <span class='ocrx_word' id='word_1_139' title='bbox 1269 3012 1370 3099; x_wconf 82' lang='lat' dir='ltr'><strong><em>scrip-</em></strong></span> 
     </span>
     <span class='ocr_line' id='line_1_26' title="bbox 247 3117 1370 3205; baseline 0.007 -25"><span class='ocrx_word' id='word_1_140' title='bbox 247 3121 355 3183; x_wconf 83' lang='lat' dir='ltr'><strong><em>turum</em></strong></span> <span class='ocrx_word' id='word_1_141' title='bbox 389 3118 542 3184; x_wconf 85' lang='lat' dir='ltr'><strong><em>servarit</em></strong></span> <span class='ocrx_word' id='word_1_142' title='bbox 570 3139 669 3201; x_wconf 85' lang='lat' dir='ltr'><strong><em>eaque</em></strong></span> <span class='ocrx_word' id='word_1_143' title='bbox 704 3138 768 3181; x_wconf 87' lang='lat' dir='ltr'><strong><em>nou</em></strong></span> <span class='ocrx_word' id='word_1_144' title='bbox 801 3117 927 3182; x_wconf 85' lang='lat' dir='ltr'><strong><em>videtur</em></strong></span> <span class='ocrx_word' id='word_1_145' title='bbox 963 3143 982 3183; x_wconf 83' lang='lat' dir='ltr'>a</span> <span class='ocrx_word' id='word_1_146' title='bbox 1014 3121 1192 3184; x_wconf 87' lang='lat' dir='ltr'><strong><em>correctore</em></strong></span> <span class='ocrx_word' id='word_1_147' title='bbox 1226 3120 1370 3205; x_wconf 84' lang='lat' dir='ltr'><strong><em>profecta</em></strong></span> 
     </span>
     <span class='ocr_line' id='line_1_27' title="bbox 246 3247 327 3292; baseline 0.025 -3"><span class='ocrx_word' id='word_1_148' title='bbox 246 3247 327 3292; x_wconf 86' lang='lat' dir='ltr'><strong><em>esse:</em></strong></span> 
     </span>
    </p>

    <p class='ocr_par' dir='ltr' id='par_1_6' title="bbox 338 3333 435 3413">
     <span class='ocr_line' id='line_1_28' title="bbox 338 3333 435 3413; baseline -0.021 -15"><span class='ocrx_word' id='word_1_149' title='bbox 338 3333 435 3413; x_wconf 86' lang='lat'><strong>66‚83</strong></span> 
     </span>
    </p>

    <p class='ocr_par' dir='ltr' id='par_1_7' title="bbox 411 3443 1208 3637">
     <span class='ocr_line' id='line_1_29' title="bbox 411 3443 1208 3528; baseline 0.005 -22"><span class='ocrx_word' id='word_1_150' title='bbox 411 3443 515 3507; x_wconf 86' lang='lat' dir='ltr'><strong><em>Vester</em></strong></span> <span class='ocrx_word' id='word_1_151' title='bbox 538 3464 631 3528; x_wconf 76' lang='lat' dir='ltr'><strong><em>oripo,</em></strong></span> <span class='ocrx_word' id='word_1_152' title='bbox 656 3453 742 3510; x_wconf 81' lang='lat' dir='ltr'><strong><em>easta</em></strong></span> <span class='ocrx_word' id='word_1_153' title='bbox 764 3448 858 3527; x_wconf 86' lang='lat' dir='ltr'><strong><em>petit</em></strong></span> <span class='ocrx_word' id='word_1_154' title='bbox 865 3447 896 3509; x_wconf 86' lang='lat' dir='ltr'><strong><em>is</em></strong></span> <span class='ocrx_word' id='word_1_155' title='bbox 920 3466 999 3528; x_wconf 83' lang='lat' dir='ltr'><strong><em>qaue</em></strong></span> <span class='ocrx_word' id='word_1_156' title='bbox 1021 3449 1094 3510; x_wconf 86' lang='lat' dir='ltr'><strong><em>iura</em></strong></span> <span class='ocrx_word' id='word_1_157' title='bbox 1118 3447 1208 3511; x_wconf 83' lang='lat' dir='ltr'><strong><em>cubiti</em></strong></span> 
     </span>
     <span class='ocr_line' id='line_1_30' title="bbox 459 3550 1083 3637; baseline 0.006 -22"><span class='ocrx_word' id='word_1_158' title='bbox 459 3550 489 3615; x_wconf 93' lang='lat' dir='ltr'>D</span> <span class='ocrx_word' id='word_1_159' title='bbox 511 3555 615 3634; x_wconf 84' lang='lat' dir='ltr'><strong><em>petitis</em></strong></span> <span class='ocrx_word' id='word_1_160' title='bbox 661 3550 718 3617; x_wconf 84' lang='lat' dir='ltr'><strong><em>GO</em></strong></span> <span class='ocrx_word' id='word_1_161' title='bbox 742 3555 839 3618; x_wconf 85' lang='lat' dir='ltr'><strong><em>eotite&#39;s</em></strong></span> <span class='ocrx_word' id='word_1_162' title='bbox 885 3552 910 3617; x_wconf 79' lang='lat' dir='ltr'>L</span> <span class='ocrx_word' id='word_1_163' title='bbox 935 3557 1083 3637; x_wconf 83' lang='lat' dir='ltr'><strong><em>quaeritis</em></strong></span> 
     </span>
    </p>

    <p class='ocr_par' dir='ltr' id='par_1_8' title="bbox 247 3659 1368 3852">
     <span class='ocr_line' id='line_1_31' title="bbox 334 3659 1368 3747; baseline 0.009 -24"><span class='ocrx_word' id='word_1_164' title='bbox 334 3659 382 3725; x_wconf 90' lang='lat' dir='ltr'><strong><em>De</em></strong></span> <span class='ocrx_word' id='word_1_165' title='bbox 415 3660 476 3726; x_wconf 92' lang='lat' dir='ltr'><strong><em>hoc</em></strong></span> <span class='ocrx_word' id='word_1_166' title='bbox 505 3682 597 3725; x_wconf 88' lang='lat' dir='ltr'><strong><em>versu</em></strong></span> <span class='ocrx_word' id='word_1_167' title='bbox 626 3660 689 3726; x_wconf 84' lang='lat' dir='ltr'><strong><em>iam</em></strong></span> <span class='ocrx_word' id='word_1_168' title='bbox 713 3662 745 3725; x_wconf 91' lang='lat' dir='ltr'><strong><em>in</em></strong></span> <span class='ocrx_word' id='word_1_169' title='bbox 769 3659 872 3746; x_wconf 87' lang='lat' dir='ltr'><strong><em>prima</em></strong></span> <span class='ocrx_word' id='word_1_170' title='bbox 895 3660 1056 3746; x_wconf 83' lang='lat' dir='ltr'><strong><em>particula</em></strong></span> <span class='ocrx_word' id='word_1_171' title='bbox 1079 3661 1312 3747; x_wconf 84' lang='lat' dir='ltr'><strong><em>disputavimus</em></strong></span> <span class='ocrx_word' id='word_1_172' title='bbox 1335 3669 1368 3731; x_wconf 88' lang='lat' dir='ltr'><strong><em>et</em></strong></span> 
     </span>
     <span class='ocr_line' id='line_1_32' title="bbox 247 3765 1261 3852; baseline 0.008 -21"><span class='ocrx_word' id='word_1_173' title='bbox 247 3765 369 3834; x_wconf 85' lang='lat' dir='ltr'><strong><em>Datani</em></strong></span> <span class='ocrx_word' id='word_1_174' title='bbox 392 3769 584 3852; x_wconf 84' lang='lat' dir='ltr'><strong><em>scripturam</em></strong></span> <span class='ocrx_word' id='word_1_175' title='bbox 608 3792 717 3835; x_wconf 85' lang='lat' dir='ltr'><strong><em>veram</em></strong></span> <span class='ocrx_word' id='word_1_176' title='bbox 740 3791 807 3834; x_wconf 88' lang='lat' dir='ltr'><strong><em>esse</em></strong></span> <span class='ocrx_word' id='word_1_177' title='bbox 831 3768 1049 3835; x_wconf 87' lang='lat' dir='ltr'><strong><em>demonstrare</em></strong></span> <span class='ocrx_word' id='word_1_178' title='bbox 1073 3770 1261 3840; x_wconf 88' lang='lat' dir='ltr'><strong><em>studuimus.</em></strong></span> 
     </span>
    </p>

    <p class='ocr_par' dir='ltr' id='par_1_9' title="bbox 335 3875 411 3956">
     <span class='ocr_line' id='line_1_33' title="bbox 335 3875 411 3956; baseline 0 -18"><span class='ocrx_word' id='word_1_179' title='bbox 335 3875 411 3956; x_wconf 82' lang='lat'>88‚2</span> 
     </span>
    </p>

    <p class='ocr_par' dir='ltr' id='par_1_10' title="bbox 404 3986 1061 4069">
     <span class='ocr_line' id='line_1_34' title="bbox 404 3986 1061 4069; baseline 0.006 -22"><span class='ocrx_word' id='word_1_180' title='bbox 404 3986 534 4049; x_wconf 84' lang='lat' dir='ltr'><strong><em>Prurit</em></strong></span> <span class='ocrx_word' id='word_1_181' title='bbox 557 3996 586 4050; x_wconf 87' lang='lat' dir='ltr'><strong><em>et</em></strong></span> <span class='ocrx_word' id='word_1_182' title='bbox 609 3988 735 4051; x_wconf 84' lang='lat' dir='ltr'><strong><em>abiectis</em></strong></span> <span class='ocrx_word' id='word_1_183' title='bbox 755 3989 920 4069; x_wconf 78' lang='lat' dir='ltr'><strong><em>percipitot</em></strong></span> <span class='ocrx_word' id='word_1_184' title='bbox 943 3991 1061 4053; x_wconf 67' lang='lat' dir='ltr'><strong><em>tunica.</em></strong></span> 
     </span>
    </p>
   </div>
   <div class='ocr_carea' id='block_1_6' title="bbox 243 4109 1366 4305">
    <p class='ocr_par' dir='ltr' id='par_1_11' title="bbox 243 4109 1366 4305">
     <span class='ocr_line' id='line_1_35' title="bbox 334 4109 1366 4199; baseline 0.007 -24"><span class='ocrx_word' id='word_1_185' title='bbox 334 4110 371 4175; x_wconf 86' lang='lat' dir='ltr'><strong><em>[u</em></strong></span> <span class='ocrx_word' id='word_1_186' title='bbox 396 4109 425 4173; x_wconf 93' lang='lat' dir='ltr'>D</span> <span class='ocrx_word' id='word_1_187' title='bbox 450 4113 541 4176; x_wconf 85' lang='lat' dir='ltr'><strong><em>extat</em></strong></span> <span class='ocrx_word' id='word_1_188' title='bbox 562 4115 674 4194; x_wconf 86' lang='lat' dir='ltr'><strong><em>prurit,</em></strong></span> <span class='ocrx_word' id='word_1_189' title='bbox 704 4111 740 4177; x_wconf 92' lang='lat' dir='ltr'><strong><em>in</em></strong></span> <span class='ocrx_word' id='word_1_190' title='bbox 763 4110 790 4177; x_wconf 81' lang='lat' dir='ltr'><strong>G</strong></span> <span class='ocrx_word' id='word_1_191' title='bbox 814 4115 848 4177; x_wconf 88' lang='lat' dir='ltr'><strong><em>et</em></strong></span> <span class='ocrx_word' id='word_1_192' title='bbox 871 4113 984 4178; x_wconf 86' lang='lat' dir='ltr'><strong><em>ceteris</em></strong></span> <span class='ocrx_word' id='word_1_193' title='bbox 1007 4113 1167 4198; x_wconf 88' lang='lat' dir='ltr'><strong><em>plerisque</em></strong></span> <span class='ocrx_word' id='word_1_194' title='bbox 1190 4121 1310 4199; x_wconf 79' lang='lat' dir='ltr'><strong><em>proruit</em></strong></span> <span class='ocrx_word' id='word_1_195' title='bbox 1332 4121 1366 4182; x_wconf 90' lang='lat' dir='ltr'><strong><em>et</em></strong></span> 
     </span>
     <span class='ocr_line' id='line_1_36' title="bbox 243 4216 1364 4305; baseline 0.011 -27"><span class='ocrx_word' id='word_1_196' title='bbox 243 4216 348 4299; x_wconf 88' lang='lat' dir='ltr'><strong><em>ipsum</em></strong></span> <span class='ocrx_word' id='word_1_197' title='bbox 377 4216 437 4284; x_wconf 89' lang='lat' dir='ltr'><strong><em>hcc</em></strong></span> <span class='ocrx_word' id='word_1_198' title='bbox 464 4223 587 4304; x_wconf 85' lang='lat' dir='ltr'><strong><em>proruit</em></strong></span> <span class='ocrx_word' id='word_1_199' title='bbox 610 4216 796 4285; x_wconf 80' lang='lat' dir='ltr'><strong><em>Schwabius</em></strong></span> <span class='ocrx_word' id='word_1_200' title='bbox 824 4221 963 4305; x_wconf 84' lang='lat' dir='ltr'><strong><em>putabet</em></strong></span> <span class='ocrx_word' id='word_1_201' title='bbox 992 4222 1024 4285; x_wconf 89' lang='lat' dir='ltr'><strong><em>iu</em></strong></span> <span class='ocrx_word' id='word_1_202' title='bbox 1048 4220 1079 4286; x_wconf 91' lang='lat' dir='ltr'><strong>V</strong></span> <span class='ocrx_word' id='word_1_203' title='bbox 1102 4223 1255 4290; x_wconf 84' lang='lat' dir='ltr'><strong><em>extitisse.</em></strong></span> <span class='ocrx_word' id='word_1_204' title='bbox 1304 4223 1364 4290; x_wconf 84' lang='lat' dir='ltr'><strong><em>Sed</em></strong></span> 
     </span>
    </p>
   </div>
   <div class='ocr_carea' id='block_1_7' title="bbox 0 0 1624 4938">
    <p class='ocr_par' dir='ltr' id='par_1_12' title="bbox 0 0 1624 4938">
     <span class='ocr_line' id='line_1_37' title="bbox 0 0 1624 4938; baseline 0 3"><span class='ocrx_word' id='word_1_205' title='bbox 0 0 1624 4938; x_wconf 95' lang='lat' dir='ltr'><strong><em> </em></strong></span> 
     </span>
    </p>
   </div>
  </div>
 </body>
</html>
