3240 4938
779 327 820 392 31

240 528 370 606 culos.
395 527 526 627 culon.
565 527 603 592 In
628 523 740 591 ceteris
764 524 855 590 libris
879 545 1002 608 semper
1027 527 1108 588 uelat
1128 530 1296 592 exaratum
1313 534 1363 593 est

239 641 371 722 excepto
394 637 454 702 hoc
477 658 540 701 uno
564 635 603 701 de
625 655 688 719 quo
711 633 821 720 agitur
843 633 922 700 loco.

330 745 429 824 1162

402 853 548 918 Carmina
571 855 616 916 vett
637 872 757 934 possem
780 851 899 913 intuere
923 851 1110 915 Battiadae

330 1014 366 1079 In
385 1015 412 1081 Ο
428 1013 584 1099 scriptum
601 1017 650 1080 est
666 959 796 1090 calade,
820 1011 914 1095 quod,
938 1012 965 1076 si
981 1009 1206 1100 Baehrensio*)
1223 1012 1311 1093 fides,
1331 1018 1364 1079 ot

242 1126 396 1190 Baliadae
429 1128 462 1189 ct
498 1123 670 1187 Battiadae
703 1143 770 1186 osse
803 1123 921 1204 potest.
975 1118 1015 1183 In
1051 1122 1167 1185 ceteris
1201 1121 1362 1188 codicibus

241 1230 426 1314 compendio
449 1251 597 1315 perverse
619 1229 781 1314 explicato
804 1226 944 1294 habetur
968 1229 1120 1296 balrtade.

333 1335 404 1413 71‚1

332 1442 393 1509 Hic
420 1465 529 1509 versus
557 1445 729 1510 levioribus
756 1431 945 1528 quibusdam
973 1443 1150 1527 scripturae
1177 1443 1366 1513 differentiis
1394 1448 1399 1457 '

244 1551 367 1618 omissis
390 1553 435 1618 sie
458 1552 492 1616 in
515 1551 607 1617 libris
631 1557 762 1636 practer
785 1551 813 1617 0
837 1554 946 1618 extat:

405 1663 439 1725 Si
463 1682 536 1744 qaa
559 1665 648 1726 uiro
671 1663 750 1725 bono
773 1679 974 1725 sacrorum
997 1659 1111 1722 obstitit
1133 1661 1246 1726 tirone.

243 1767 312 1845 Qua
336 1790 375 1832 ex
397 1768 558 1852 scriptura
581 1767 744 1852 Hauptius
767 1770 801 1832 in
817 1768 940 1851 quaest.
977 1762 1011 1831 O.
1028 1788 1059 1849 p.
1077 1766 1117 1828 91
1137 1764 1202 1853 (op.
1219 1766 1244 1835 Ι.
1262 1790 1291 1851 p.
1309 1768 1366 1852 66)

244 1899 318 1940 usus
329 1874 488 1940 Italorum
502 1877 693 1941 coniecturis
704 1897 829 1941 versum
842 1874 887 1940 sic
895 1873 1125 1937 restituendum
1137 1895 1203 1938 esse
1213 1877 1367 1959 putabat:

405 1987 439 2048 St
462 1989 534 2069 quoi
556 1989 623 2049 tare
647 1987 727 2049 bono
749 2004 840 2048 secer
864 1983 985 2046 alaram
1009 1983 1123 2046 obstitit
1146 1986 1260 2049 tincae.

245 2091 413 2158 Editorum
436 2095 510 2177 post
538 2094 631 2158 illum
660 2092 717 2158 ulii
741 2088 908 2178 (Heysius,
938 2087 1139 2177 Schwubius)
1169 2113 1242 2156 eum
1265 2092 1367 2157 secuti

244 2205 330 2278 sunt,
355 2199 411 2264 alii
427 2221 502 2278 non,
526 2201 646 2284 partim
662 2199 727 2265 alis
742 2197 900 2263 Italorum
917 2197 1083 2263 conamina
1099 2201 1368 2280 commendantes

243 2307 365 2393 partim
400 2329 456 2373 suo
491 2305 597 2373 Marte
631 2330 714 2374 novo
748 2306 955 2393 proferentes.
1002 2304 1094 2371 Inter
1128 2329 1205 2392 quos
1235 2307 1368 2373 Ellisius

243 2419 301 2502 qui
324 2416 451 2483 scribit:

408 2526 443 2588 St
465 2528 548 2606 quoi,
576 2525 675 2602 Virro,
700 2526 778 2588 bono
800 2543 891 2586 sacer
915 2525 1036 2587 alaram
1061 2525 1302 2589 obstaculorum

247 2631 281 2694 id
304 2631 455 2716 neglexit,
482 2631 567 2715 quod
590 2630 753 2716 Hauptius
775 2652 807 2714 p.
832 2628 874 2694 67
899 2629 1075 2696 rectissime
1098 2634 1222 2695 monet:
1263 2632 1370 2696 Virro

247 2741 276 2804 et
299 2740 483 2821 probamus,
520 2742 599 2804 aliae
628 2743 719 2804 etiam
747 2739 890 2803 vocabuli
917 2739 1045 2801 mutatio
1079 2740 1264 2820 requietum
1297 2759 1370 2804 uam

248 2849 343 2920 bona
368 2851 427 2913 nisi
450 2850 536 2913 aliud
559 2851 634 2930 qaid
657 2850 785 2930 aceedit,
809 2849 885 2912 allud
897 2853 998 2929 potest
1013 2847 1198 2928 sipntficare.
1236 2845 1370 2912 Stnduit

246 2955 375 3040 quidem
413 2956 463 3023 vir
498 2955 609 3022 doctus
644 2957 804 3040 explicare
837 2954 919 3019 illud
952 2957 1030 3020 boac
1068 2954 1102 3018 in
1141 2953 1370 3020 commentario

246 3086 278 3148 p.
304 3063 382 3143 347,
412 3062 465 3129 sed
495 3062 579 3148 qnod
609 3062 655 3128 ibi
684 3062 763 3128 dicit
790 3063 889 3128 verba
918 3065 945 3126 et
975 3065 1024 3125 eui
1047 3063 1125 3126 bano
1149 3063 1263 3125 obstitit
1286 3060 1370 3125 idem

248 3193 315 3236 esse
339 3192 376 3236 ac
400 3171 426 3236 si
451 3170 597 3238 Catullus
619 3170 767 3236 dixisset:
794 3173 822 3234 st
845 3173 894 3234 cai
917 3171 995 3234 boae
1018 3170 1078 3249 fait
1102 3170 1263 3252 (profecit),
1288 3170 1371 3254 quod

248 3282 352 3345 latreus
381 3283 531 3359 obstaret,
567 3278 737 3344 verendum
774 3281 833 3356 est,
867 3299 906 3343 ne
941 3277 1039 3342 verba
1074 3276 1132 3343 illa
1167 3278 1208 3342 ab
1242 3277 1371 3343 homine

249 3387 395 3454 Romano
429 3411 492 3454 non
528 3389 572 3454 sic
606 3385 773 3452 intellecta
798 3387 873 3452 sint.
920 3385 1032 3471 Neque
1061 3385 1123 3472 ipsi
1151 3386 1264 3453 llllisio
1293 3387 1372 3450 haec

250 3495 422 3581 explicatio
446 3496 572 3562 videtur
595 3494 688 3561 valde
710 3493 877 3578 placuisse,
901 3517 975 3561 nem
998 3495 1109 3579 paullo
1132 3495 1205 3578 post
1228 3489 1372 3556 dativum

251 3605 329 3668 bono
353 3604 521 3691 coniungit
543 3626 614 3670 cnm
629 3601 818 3688 pronomine
835 3607 884 3668 eut
903 3641 942 3652 —-
959 3602 1065 3667 reddit
1080 3601 1163 3666 enim
1180 3599 1372 3665 senteutiam

251 3733 359 3776 versus
383 3712 433 3776 his
457 3712 577 3776 verbis:
603 3713 638 3792 If
657 3714 740 3774 llere
763 3733 830 3776 eoae
853 3733 874 3776 a
896 3714 978 3795 qood
1000 3713 1069 3775 said
1091 3713 1152 3776 otc.
1180 3743 1220 3768 -.-—
1245 3709 1277 3770 et
1301 3727 1371 3771 cum

253 3812 396 3904 εἰρωνείᾳ
417 3819 556 3904 quodam
589 3819 710 3884 dictum
741 3841 807 3886 esse
837 3823 916 3885 bono
943 3821 1048 3904 putat.
1095 3815 1140 3881 Et
1163 3815 1247 3881 hunc
1270 3815 1374 3899 expli-

251 3928 409 3993 cationem
449 3927 647 3993 concedimus
677 3927 809 3992 tolerari
842 3948 948 4013 posse,
984 3925 1139 4009 siquidem
1173 3924 1274 3989 solam
1303 3944 1374 3988 ver-

323 4089 348 4158 *l
367 4089 401 4144 In
421 4089 481 4144 eius
500 4090 643 4159 apparatu
660 4087 732 4145 haec
746 4088 830 4143 huius
844 4086 1005 4158 compendii
1018 4087 1118 4141 extant
1132 4083 1274 4155 exempla:
1294 4083 1372 4150 sum

254 4192 351 4289 amado
370 4235 399 4288 in
412 4232 444 4302 Ο,
458 4233 518 4301 63,9
537 4189 601 4288 mad
618 4233 649 4288 in
667 4232 699 4300 0,
719 4230 817 4297 64292
838 4192 916 4285 dcam
934 4229 965 4283 in
984 4228 1015 4296 Ο,
1029 4230 1109 4298 39,20
1128 4187 1269 4298 capolidor
1287 4227 1316 4280 in
1336 4225 1360 4280 G

252 4340 288 4378 ex
306 4323 428 4380 Bonneti
447 4322 611 4378 testimonio
630 4323 764 4376 hocloco
784 4319 921 4391 scriptum
942 4321 986 4374 est
1004 4317 1159 4389 capolit’or.
