3240 4938
764 328 807 392 74

225 513 327 592 prium
350 512 388 572 eil
405 511 532 574 loommin
547 531 676 584 oomerc,⁴
701 511 841 586 turbinis,
866 512 892 572 se'
908 511 1074 590 procellam
1090 507 1274 573 coluerimus
1289 532 1349 574 eo-

226 621 358 698 primere
389 626 442 681 ool
471 620 503 681 io
527 639 578 695 eo,
608 621 704 700 inquil
729 618 860 694 Plinius,
896 620 950 700 qni
971 625 1016 680 ecl
1038 620 1071 680 lo
1093 619 1161 680 losa
1184 636 1350 698 puerorum

226 729 286 791 etc.
311 728 344 790 et
367 725 478 808 paullo
501 729 589 808 post:
616 726 735 789 Turbam
760 726 908 790 Tibullus:

386 833 525 917 Namque
549 853 626 916 ooor
649 843 681 896 ut
702 851 759 914 per
778 836 875 912 plano
898 836 975 897 citos
995 835 1063 896 solo
1081 836 1207 898 uerbere
1223 834 1350 907 turbem·

227 963 314 1026 qoem
341 943 431 1006 Maro
449 943 509 1005 Vll
529 942 687 1006 turbonem
710 951 817 1005 uocol:

653 1057 751 1114 tortor
773 1051 829 1113 soh
853 1048 980 1113 uerbere
1004 1051 1101 1113 turbo.

226 1158 315 1224 Haec
345 1157 406 1222 duo
436 1157 721 1243 grammaticorum
751 1154 951 1234 testimonis,
979 1155 1060 1220 illud
1079 1153 1187 1233 *Servii
1215 1159 1249 1220 et
1274 1156 1351 1222 hacc

226 1264 384 1343 Charisii,
412 1263 534 1348 siquis
558 1263 668 1348 paullo
692 1264 871 1330 accuratius
894 1262 1108 1347 perpenderit,
1133 1263 1228 1347 plura
1252 1265 1352 1329 offen·

227 1374 301 1438 dere
325 1372 452 1438 debent.
492 1370 636 1436 Primum
660 1377 694 1438 et
716 1374 749 1437 in
767 1370 905 1456 Vergilii
928 1370 1008 1437 Aen.
1032 1368 1096 1434 Vll
1121 1371 1291 1436 artoarto
1319 1376 1353 1436 et

227 1480 259 1544 in
287 1477 408 1545 Tibulli
432 1478 519 1557 15‚3
542 1482 650 1544 lorbeo
672 1480 711 1545 de
734 1501 905 1563 puerorum
928 1479 1001 1544 lusu
1025 1477 1156 1556 dicitur3
1180 1480 1215 1545 in
1231 1478 1352 1546 catulli

231 1591 340 1653 autem
364 1608 469 1666 versu,
493 1587 531 1652 de
555 1609 618 1671 quo
642 1587 762 1672 agitur,
785 1588 875 1652 turbo
899 1584 982 1652 idem
1005 1592 1054 1652 ast
1077 1587 1281 1671 reprecans,
1305 1586 1352 1651 ita

230 1700 268 1759 ut
292 1697 398 1760 minus
428 1699 504 1780 apte
528 1694 650 1760 Catulli
679 1716 776 1778 quum
799 1694 921 1760 Tibulli
944 1715 1052 1759 versus
1076 1717 1146 1761 cum
1173 1693 1310 1779 Vergilii
1333 1717 1352 1758 a

229 1801 340 1868 Servio
364 1803 510 1890 componi
533 1802 689 1868 videatur.
726 1802 807 1866 Tum
831 1802 912 1871 illud
936 1802 1167 1886 respiciendum
1183 1807 1242 1881 est,
1267 1803 1353 1887 quod

227 1908 391 1976 Charisius
397 1909 519 1977 Tibulli
531 1910 659 1995 quidem
673 1915 706 1974 et
713 1909 849 1996 Vergilii
864 1931 972 1976 versus
983 1907 1096 1976 laudat
1108 1917 1206 1994 atque
1214 1908 1352 1996 Vergilii

227 2018 363 2083 eundem
375 2018 469 2083 illum
481 2016 546 2084 Vll
563 2017 638 2098 378,
656 2018 802 2101 adquam
819 2015 920 2083 Servii
933 2019 1101 2086 annotatio
1112 2018 1232 2102 scripta
1244 2024 1302 2097 est,
1315 2019 1353 2083 de

227 2125 356 2193 Catullo
373 2129 475 2202 tacet3
492 2129 659 2210 praeterea
672 2126 755 2209 qnod
767 2146 806 2189 ex
822 2125 927 2209 primo
943 2123 1043 2190 trium
1056 2123 1185 2189 illorum
1198 2126 1351 2205 locorum,

227 2234 281 2298 ubi
293 2234 355 2299 ait:
371 2256 433 2299 ooo
443 2244 477 2297 ol
483 2235 702 2315 qntdomelolle
708 2235 872 2298 blelorben
878 2235 1022 2296 tinemut
1033 2252 1251 2312 puerorum,
1261 2233 1353 2299 colli·

226 2343 316 2430 gitur
332 2341 361 2406 ei
377 2339 457 2405 illud
474 2345 601 2406 tantum
619 2343 731 2404 notum
744 2338 842 2404 fuisse
854 2339 937 2404 hanc
949 2340 1033 2405 vocis
1046 2339 1182 2406 formam
1195 2341 1233 2406 de
1245 2341 1352 2406 oblea-

226 2449 347 2516 tamiue
363 2469 584 2535 puerorum,
610 2468 673 2514 non
690 2445 728 2512 de
743 2448 884 2532 procella
901 2451 1088 2532 usurpatam
1105 2469 1180 2514 esse.
1207 2448 1352 2532 Denique

226 2560 259 2623 in
289 2556 391 2625 Servii
425 2555 609 2622 testimonio
645 2557 774 2640 praeter
803 2553 925 2620 Catulli
959 2555 1146 2620 memoriam
1181 2556 1261 2620 nihil
1292 2559 1351 2632 est,

228 2667 311 2751 qnod
343 2687 407 2732 non
437 2665 522 2750 apud
547 2661 728 2728 Charisium
758 2663 926 2729 habeatur.
974 2662 1096 2739 Quibus
1124 2661 1269 2727 omnibus
1293 2661 1354 2726 hoc

226 2773 353 2839 videtur
387 2771 599 2838 demonstrari
633 2774 666 2835 et
702 2769 805 2835 Servii
838 2774 871 2834 at
900 2768 1038 2837 Charisii
1067 2767 1290 2836 adnotationes
1314 2789 1354 2832 ex

228 2881 336 2948 eodem
361 2880 451 2946 fonte
473 2877 634 2944 derivatas
651 2898 729 2957 esse,
754 2878 821 2942 eins
837 2882 943 2942 autem
960 2878 1098 2944 formem
1114 2881 1151 2942 ut
1166 2874 1352 2960 pleniorem,

227 2992 271 3056 sic
300 2988 464 3074 puriorem
492 2984 665 3052 servavisse
689 2983 884 3065 (thensium,
912 2983 1014 3052 Servii
1040 3007 1112 3051 vero
1136 2982 1351 3050 testimoninm

229 3120 292 3163 non
315 3096 355 3164 ad
380 3095 544 3165 Catullum
569 3093 623 3160 sed
648 3092 688 3160 od
712 3093 878 3160 Tibullum
899 3095 1064 3180 respicere.
1104 3093 1193 3170 Quod
1217 3092 1353 3155 sirecte

227 3205 411 3283 statuimus,
426 3203 511 3289 apud
523 3202 688 3269 Catullum
700 3205 789 3269 lorbo
802 3202 1003 3269 retinendum
1016 3207 1074 3282 est,
1092 3201 1177 3286 apud
1185 3199 1352 3264 Tibullum

228 3316 347 3392 autem,
371 3313 426 3378 ubi
449 3333 559 3377 omnes
582 3311 703 3376 codices
727 3310 829 3376 nostri
853 3314 942 3378 turbo
965 3309 1130 3388 exhibent,
1157 3306 1353 3374 confidenter

231 3422 339 3484 turben
364 3417 606 3483 restituendum.

320 3525 382 3592 Hic
418 3523 516 3590 etiam
545 3545 648 3608 pauca
678 3530 791 3590 contra
820 3523 968 3592 Ellisium
997 3525 1153 3592 monenda
1183 3528 1268 3602 sunt,
1298 3523 1354 3607 qui

228 3657 259 3719 p.
290 3630 419 3700 XXXII
458 3631 496 3696 de
531 3631 645 3698 codicis
681 3630 710 3696 D
740 3638 859 3699 natura
888 3633 1044 3701 disserens
1073 3634 1249 3718 scripturas
1272 3653 1353 3698 non-

228 3740 336 3807 nullus
362 3760 401 3804 ex
425 3760 462 3804 eo
486 3741 675 3825 composuit,
699 3762 779 3824 ques
807 3739 1036 3825 antiquitatem
1060 3741 1218 3824 quandum
1244 3760 1353 3824 sapere

228 3847 417 3914 arbitratur.
466 3847 535 3923 Qua
566 3848 600 3913 in
630 3869 664 3913 ra
693 3848 789 3936 longe
818 3871 838 3914 a
865 3869 940 3914 vero
968 3849 1132 3916 aberravit
1160 3850 1209 3913 vir
1232 3850 1352 3928 doctus,

229 3977 304 4021 nam
329 3955 395 4020 fere
417 3977 528 4022 omnes
552 3956 626 4022 illas
649 3978 729 4040 quas
753 3957 867 4022 attulit
891 3956 1066 4042 scripturas
1082 3956 1179 4022 meris
1193 3956 1354 4022 erroribus

229 4069 317 4130 ortas
356 4085 423 4130 esse
460 4069 584 4130 certum
623 4070 683 4131 est.
730 4063 842 4131 Veluti
878 4065 961 4148 quod
998 4067 1096 4144 12‚l4
1132 4085 1190 4150 pro
1214 4061 1353 4151 genuino

229 4174 368 4239 Soelobo
392 4172 426 4237 in
442 4169 471 4234 D
490 4173 636 4239 l'lsemolo
660 4175 827 4240 exaratum
851 4175 911 4253 est,
934 4169 1060 4257 vulgari
1077 4170 1134 4236 illo
1149 4170 1353 4237 librariorum

233 4299 341 4349 errore
366 4284 478 4348 natum
508 4283 573 4359 est,
602 4302 665 4364 quo
693 4282 834 4347 ordinem
863 4280 1062 4368 singulorum
1093 4278 1260 4344 literarum
1283 4298 1357 4361 per-
