3240 4938
813 275 833 338 9

355 451 457 518 Valde
474 451 620 518 Catullus
645 452 705 517 hoc
728 476 828 539 genus
849 454 973 520 dicendi
996 453 1168 533 adamavit,
1193 476 1256 538 quo
1279 457 1316 520 ut
1340 455 1386 519 ita

265 561 366 628 dicam
389 561 525 646 gradum
549 560 782 644 superlativum
794 561 889 626 simul
905 561 1136 628 circumscribit
1152 566 1185 628 et
1208 568 1322 650 auget3
1346 564 1385 628 cf.

354 669 408 748 22,
428 669 476 740 ,13

1011 800 1123 843 scurra

425 886 486 949 Aut
508 887 609 968 siquid
632 887 692 949 tac
715 907 748 950 re
772 889 872 950 tritine
895 887 1065 950 uidebatur.

355 992 453 1073 23‚13

908 1122 1003 1166 cornu

427 1209 487 1272 Ant
510 1213 612 1295 siquid
633 1213 731 1294 maqie
755 1211 876 1274 aridam
900 1219 954 1274 est.

358 1314 433 1394 823

696 1499 700 1510 y
886 1428 989 1490 oeulos
1006 1475 1013 1492 .
1033 1472 1067 1488 ..

425 1534 486 1597 Aul
511 1537 597 1599 aliud
620 1537 721 1617 'siquid
745 1537 849 1598 carius
872 1543 916 1599 est
939 1536 1043 1597 oculu.

266 1662 324 1705 nec
359 1662 422 1706 uon
462 1643 628 1721 13‚10'er
656 1642 743 1722 82,4.
801 1641 848 1706 Εο
878 1644 985 1706 autem
1015 1640 1052 1704 de
1087 1659 1150 1723 quo
1186 1638 1297 1722 agitur
1320 1636 1389 1702 loco
1421 1688 1430 1696 .

266 1749 342 1813 libri
367 1748 395 1813 G
419 1752 452 1814 et
475 1749 502 1815 Ο
526 1773 591 1815 non
613 1761 713 1833 porea
737 1750 791 1815 sed
814 1760 900 1834 poles
923 1749 1093 1832 praebent:

427 1859 487 1921 Aru
510 1862 537 1923 si
559 1861 709 1942 perditius
731 1868 839 1941 potes
863 1859 936 1941 quid
959 1879 1023 1921 erse

268 1987 401 2049 eamque
441 1966 634 2050 scripturam
669 1965 881 2031 Baehreusiur
915 1964 997 2029 mira
1034 1962 1143 2028 indicii
1180 1963 1390 2046 perversitate

268 2074 427 2158 probavit.
475 2071 557 2148 Quid
581 2072 666 2138 enim
690 2073 822 2138 honest
847 2077 950 2152 latrem,
980 2076 1125 2156 lupanar,
1152 2073 1390 2154 perditissimum

269 2184 351 2266 qaod
374 2205 439 2246 esse
461 2183 571 2266 poles?
596 2179 752 2248 conviciis
776 2185 871 2267 poeta
887 2180 1029 2246 Clodiam
1046 2179 1200 2246 cumulat.
1235 2176 1296 2244 Sed
1314 2201 1387 2244 num

267 2291 326 2355 hoc
362 2293 410 2353 est
444 2289 621 2356 convicium
654 2293 892 2374 perditissimum
928 2291 1011 2373 qaod
1044 2311 1108 2353 esse
1142 2289 1250 2371 polee?
1298 2285 1391 2352 Certe

254 2397 415 2476 ¹dubitare
439 2399 524 2463 licet.
564 2397 650 2464 Num
675 2398 735 2464 hoo
759 2398 886 2462 omniuo
911 2401 1018 2481 potest
1033 2397 1203 2482 intellegi?
1239 2394 1321 2459 Mihi
1338 2396 1392 2462 vix

267 2507 404 2570 videtur.
439 2504 541 2581 Quam
567 2505 678 2569 acerbe
702 2510 815 2571 contra
836 2508 869 2570 et
885 2504 1005 2571 Catulli
1023 2504 1152 2590 ingenio
1168 2505 1391 2570 convenienter

267 2612 348 2678 illud
372 2613 488 2677 dieitur
512 2615 617 2690 lutum,
641 2615 785 2696 lupanar,
812 2625 865 2678 urit
887 2619 914 2679 si
936 2617 1087 2696 perditius
1105 2623 1205 2696 polest
1227 2615 1299 2696 quid
1315 2633 1391 2691 esee,

269 2721 289 2787 i.
326 2743 352 2788 e.
389 2725 498 2798 latum,
540 2723 690 2802 lupanar,
731 2726 967 2805 perditissimum
1009 2724 1090 2805 quod
1124 2725 1255 2786 omnium
1290 2742 1392 2783 reram

268 2853 332 2896 csse
355 2829 475 2914 potest?

359 2938 456 3017 66‚83
480 2939 514 3001 in
537 2935 736 3004 Lachmanni
761 2937 901 3003 editione
925 2937 977 3003 hic
1001 2941 1064 3003 ert:

432 3049 534 3110 Vester
557 3067 651 3129 onya,
676 3057 761 3112 casto
782 3050 923 3129 petitis
948 3068 1027 3128 quae
1050 3050 1121 3109 iura
1145 3047 1244 3110 cubili.

357 3151 419 3216 Pro
441 3157 560 3234 petitis,
591 3152 675 3235 qnod
699 3152 728 3215 D
754 3155 908 3231 traditur,
941 3151 1153 3218 Baehrensius
1182 3156 1279 3217 colitis
1302 3149 1392 3216 exG

270 3264 304 3324 et
327 3258 354 3324 Ο
378 3259 410 3321 in
434 3265 559 3324 textum
589 3261 723 3345 recepit3
759 3264 857 3325 colitis
880 3259 1086 3326 Lachmanno
1114 3264 1225 3327 notum
1256 3264 1326 3326 erat
1354 3284 1393 3326 ex

271 3368 416 3452 margine
437 3368 551 3434 codicis
569 3367 604 3446 L,
616 3433 617 3436 ,
629 3371 718 3434 errius
735 3372 842 3434 textus
859 3373 1008 3453 quaeritis
1024 3371 1164 3453 praebet.
1203 3373 1279 3434 lura
1296 3374 1393 3435 colere

270 3475 426 3559 siquidem
448 3475 563 3542 Latine
587 3477 648 3542 diei
672 3483 788 3561 potest,
813 3478 895 3560 qnod
915 3477 994 3541 milri
1010 3500 1073 3542 non
1090 3479 1176 3542 omni
1193 3479 1393 3544 dubitatione

269 3583 395 3649 videtur
434 3606 557 3665 carere,
598 3590 683 3651 certe
719 3588 758 3652 ad
794 3588 981 3651 consuetam
1018 3587 1280 3651 exercitationem
1316 3586 1393 3650 iuris

268 3691 447 3778 coniugalis
464 3697 586 3777 spectet
603 3715 727 3759 neeesse
744 3697 808 3768 est3
825 3692 934 3775 itaque
950 3698 1020 3758 iura
1038 3697 1137 3759 colere
1153 3698 1229 3778 apte
1245 3693 1394 3758 dicuntur

270 3802 436 3864 matronae
460 3805 589 3866 tantum
612 3803 664 3866 vel
688 3801 836 3866 mulieres
856 3800 918 3864 iam
936 3802 1066 3885 aliquod
1083 3802 1236 3886 temporis
1254 3803 1393 3885 spatium

267 3930 340 3972 oum
370 3908 496 3974 maritis
525 3910 722 3976 coniunctae.
772 3906 868 3973 Coma
893 3913 1001 3994 autem
1027 3909 1192 3976 Berenices
1217 3910 1393 3993 alloquitur

267 4016 409 4102 virgines
433 4017 586 4101 innuptas
610 4021 880 4103 praeceptumque
897 4017 941 4081 eis
958 4017 1014 4082 dat
1030 4018 1105 4084 inde
1121 4020 1161 4084 ab
1179 4039 1216 4083 eo
1233 4020 1394 4082 momento

268 4146 331 4209 quo
368 4125 493 4190 nubant
525 4127 767 4193 observandum.
820 4123 892 4191 Non
928 4131 1057 4209 poterat
1088 4128 1188 4215 igitur
1217 4129 1313 4209 poeta
1342 4145 1394 4188 eas

269 4231 432 4314 appellare
457 4245 542 4299 casto
566 4238 664 4299 colitis
688 4256 767 4317 quae
791 4238 861 4298 iura
888 4236 993 4311 cubili,
1025 4232 1077 4298 sed
1101 4233 1125 4296 si
1151 4232 1274 4298 colendi
1298 4232 1394 4295 verbo
