3240 4938
759 326 800 392 51

308 511 378 577 Iam
406 513 528 588 restat,
558 512 595 574 ut
623 507 699 591 quid
725 507 764 572 dc
786 505 849 570 fide
871 507 905 569 et
928 503 1123 570 auctoritate
1147 502 1243 567 huius
1267 503 1343 569 libri

221 619 423 686 iudicandum
446 618 489 683 rit
512 615 653 682 breviter
675 615 860 680 indicemus.
907 607 1083 677 LibrumO
1106 614 1240 696 propter
1264 611 1343 676 satis

222 750 375 816 magnum
416 747 584 790 numerum
625 725 780 790 bonarum
819 721 1052 806 scripturarum
1086 719 1173 787 inter
1207 723 1345 808 optimos

223 834 344 900 Catulli
367 833 487 900 codices
512 832 695 898 habendum
718 852 785 896 esse
808 833 842 895 et
865 850 1058 914 quamquam
1082 829 1251 914 perpaucis
1266 829 1345 896 locis

222 944 289 1007 eius
324 963 420 1008 causa
456 964 475 1006 a
502 939 701 1006 Lachmanni
735 938 916 1004 recensione
951 937 1159 1003 recedendum
1193 936 1246 1016 sit,
1282 959 1345 1002 non

224 1048 458 1135 neglegendum
487 1069 554 1114 esse
582 1069 680 1131 supra
709 1045 853 1110 vidimus.
906 1045 967 1110 Sed
996 1044 1219 1128 deprendimus
1247 1044 1281 1108 in
1309 1065 1345 1109 eo

225 1155 324 1220 etiam
346 1156 558 1220 correctiones
582 1154 680 1219 falsas
704 1153 832 1237 quidem
847 1154 900 1218 sed
917 1174 980 1218 non
997 1152 1207 1238 inelegantes,
1231 1153 1346 1237 quibus

224 1260 439 1329 Baehrensius
467 1283 499 1328 se
522 1261 623 1347 decipi
650 1282 762 1346 passus
786 1264 844 1328 est.
893 1258 1125 1344 Deprendimus
1148 1261 1346 1345 corruptelas

225 1371 347 1437 scribae
381 1370 587 1457 neglegentia
614 1374 719 1450 ortas,
755 1391 772 1434 e
801 1368 915 1453 quibus
946 1366 1159 1433 Baehrensius
1187 1367 1348 1434 immerito

225 1479 403 1563 profectus,
433 1479 499 1546 sive
528 1499 580 1546 eas
609 1477 775 1544 defendere
799 1478 864 1542 rive
887 1475 1054 1542 emendare
1078 1475 1199 1557 studet,
1230 1500 1348 1544 avero

224 1588 398 1656 aberravit.
455 1587 586 1655 Summa
620 1587 723 1672 igitur
756 1589 904 1652 cautione
938 1607 1017 1672 opus
1052 1589 1117 1664 est,
1147 1607 1186 1651 ne
1214 1588 1347 1655 nimiam

224 1697 323 1764 codici
340 1695 367 1763 Ο
387 1695 484 1762 fidem
499 1696 654 1762 habentes
671 1696 865 1762 auctoritate
881 1697 948 1761 eius
964 1697 996 1758 in
1013 1715 1133 1760 errores
1148 1695 1347 1767 inducamur.

225 1805 337 1890 Neque
360 1805 521 1870 inutiliter
549 1803 584 1869 in
608 1802 806 1869 aestimanda
835 1804 929 1868 buius
952 1802 1028 1867 libri
1052 1801 1245 1868 auctoritate
1267 1805 1350 1872 illud

207 1905 339 1996 'respici
373 1912 516 1991 videtur,
552 1909 637 1994 quod
668 1931 741 1975 cum
775 1933 814 1976 ex
848 1909 1151 1994 interpolationibus
1185 1910 1348 1978 hominem

225 2021 336 2104 paullo
359 2018 479 2085 acriore
509 2017 637 2105 ingenio
665 2018 847 2102 praeditum
874 2019 908 2082 iu
938 2039 975 2082 eo
1003 2018 1190 2102 corrigendo
1218 2041 1346 2103 operam

226 2149 359 2194 navasse
382 2130 602 2214 cognoscatur,
626 2148 697 2191 cum
720 2125 951 2210 probabilitate
965 2124 1113 2209 ponimus
1129 2125 1222 2191 illum
1248 2129 1350 2194 inter-

226 2237 301 2302 dum
313 2237 412 2301 etiarn
422 2256 531 2301 veram
543 2235 735 2320 scripturam
747 2234 933 2313 restituisse,
947 2234 1002 2298 ubi
1015 2236 1194 2298 ceterorum
1209 2237 1350 2304 codicum

225 2346 351 2412 librarii
373 2345 487 2410 falsam
512 2345 680 2429 archetypi
702 2342 841 2409 fideliter
864 2343 1043 2408 redderent.
1089 2339 1133 2405 Et
1156 2365 1350 2430 quamquam

226 2455 306 2520 certi
328 2455 363 2519 in
386 2475 423 2519 ea
448 2474 481 2516 re
504 2452 584 2516 fines
608 2452 742 2519 describi
766 2474 828 2517 non
843 2452 988 2535 possunt,
1013 2452 1120 2514 tamen
1137 2449 1197 2517 hoc
1215 2461 1351 2538 apparet

226 2562 313 2628 haud
336 2581 454 2646 paucas
478 2559 654 2642 scripturas
678 2581 851 2624 erearum
875 2561 1019 2636 numero,
1043 2579 1122 2642 quas
1146 2582 1236 2628 veras
1260 2587 1299 2629 ex
1323 2565 1350 2632 Ο

228 2669 437 2746 contulimus,
468 2687 536 2732 esse
562 2667 611 2733 ita
634 2670 851 2751 comparatas,
880 2668 919 2731 ut
941 2665 1036 2733 facile
1058 2668 1099 2732 ab
1123 2666 1181 2733 illo
1204 2669 1352 2756 indagari

228 2776 402 2862 potuerint.

321 3206 495 3288 Postquam
516 3205 651 3293 singulis
667 3204 827 3289 capitibus
851 3204 889 3270 de
905 3204 1065 3271 codicibus
1081 3204 1109 3272 (l
1126 3211 1159 3274 et
1176 3206 1213 3289 O,
1237 3211 1352 3297 quibus

232 3313 455 3379 Lachmannus
484 3335 559 3377 urus
582 3335 648 3379 non
671 3316 730 3391 est,
756 3311 887 3399 egimus,
918 3312 982 3378 iam
1005 3315 1103 3381 tertio
1125 3321 1231 3404 eapite
1255 3322 1354 3389 disse-

231 3444 335 3487 remus
359 3421 397 3486 de
420 3420 510 3486 libris
527 3421 805 3488 Lachmannianis.
853 3421 922 3497 Qua
946 3423 980 3487 in
1003 3427 1097 3509 parte
1120 3430 1266 3493 nostrum
1291 3431 1354 3496 erit

231 3530 406 3616 disquirere
445 3527 482 3594 de
520 3529 635 3594 horum
669 3530 812 3596 codicum
851 3533 884 3595 et
917 3532 1041 3617 origine
1078 3539 1112 3598 et
1150 3539 1353 3608 auctoritate.

231 3638 339 3723 Atque
354 3637 567 3703 Baehrensiur
592 3660 663 3703 cum
686 3660 792 3703 omnes
809 3638 907 3704 libros
931 3643 1059 3722 praeter
1076 3639 1103 3705 Ο
1119 3663 1158 3706 ex
1175 3639 1203 3704 G
1226 3641 1354 3710 fluxisse

231 3746 411 3824 contendit,
441 3749 512 3811 tum
540 3768 580 3811 ne
603 3745 803 3843 Lachmanni
831 3747 960 3831 quidem
989 3747 1088 3813 libros
1111 3749 1246 3833 excepit.
1293 3749 1354 3816 Sed

230 3876 287 3920 nos
311 3854 374 3919 iam
397 3854 431 3917 in
453 3856 560 3938 prima
582 3858 675 3939 parte
697 3859 730 3920 et
752 3855 983 3921 Bononiensem
1007 3877 1069 3920 nou
1093 3878 1132 3921 ex
1148 3855 1186 3936 G,
1203 3857 1257 3923 sed
1280 3881 1354 3942 pro-

231 3963 302 4047 pria
337 3962 462 4026 ratione
497 3984 536 4027 ex
564 3959 595 4025 V
629 3964 807 4029 derivatum
843 3985 909 4029 esse
944 3962 1231 4032 demonstravimus
1260 3970 1293 4033 et
1320 3970 1353 4032 in

231 4071 414 4136 universum
439 4091 534 4153 quam
558 4069 692 4134 infirmis
716 4073 914 4155 argumentis
936 4070 1024 4135 illius
1048 4075 1209 4140 sententia
1230 4075 1354 4140 nitatur

232 4178 444 4260 exposuimus.
491 4177 605 4262 ltaque
635 4177 673 4242 de
701 4179 807 4244 codice
832 4178 857 4244 L
885 4180 939 4245 hic
963 4179 1103 4245 sufficiat
1127 4205 1226 4248 unum
1251 4184 1354 4247 locum

232 4285 380 4350 attulisse
403 4287 562 4366 idoneum,
587 4309 650 4370 quo
667 4287 770 4351 omnis
786 4286 946 4353 dubitatio
962 4285 1001 4353 de
1017 4288 1084 4352 eius
1100 4288 1214 4400 codicis
1230 4285 1353 4370 origiue

1163 4377 1181 4428 4
