3240 4938
808 302 851 367 33

356 479 407 544 Ex
430 481 530 546 totius
553 480 615 546 loci
635 503 779 548 connexu
795 484 931 565 apparet
947 481 1141 546 sententiam
1159 480 1261 546 inesse
1277 481 1392 548 debere

266 589 300 652 in
323 587 383 652 hoc
409 610 500 654 versu
525 587 620 654 hanc:
645 609 680 653 os
702 588 804 653 nihilo
828 587 976 654 mundius
996 590 1045 653 est
1060 609 1157 672 quam
1174 589 1274 670 culus,
1299 592 1389 656 culus

267 695 369 760 nihilo
402 695 595 761 immundior
630 700 679 762 est
713 719 808 780 quam
842 721 886 766 os.
939 694 1047 780 Atque
1080 696 1163 762 hanc
1198 699 1391 765 sententiam

266 803 399 868 Ellisius
432 805 533 868 inesse
566 805 695 889 putavit
730 805 762 869 iu
797 807 918 886 verbis,
954 827 1037 891 quae
1070 806 1103 871 in
1133 804 1281 872 editionis
1316 829 1391 873 suae

267 913 361 975 textu
383 913 505 997 posuit:

427 1039 498 1104 Nilo
521 1041 662 1104 mundius
687 1040 756 1118 hoc,
780 1041 936 1122 nilcque
958 1041 1143 1104 immundius
1164 1041 1250 1107 illud.

266 1158 348 1225 Vult
376 1162 477 1249 igitur
500 1164 597 1229 verba
624 1167 807 1231 immundius
820 1153 906 1230 'illud
929 1163 1086 1249 respicere
1108 1164 1149 1230 ad
1173 1169 1282 1234 culum.
1328 1164 1390 1232 Sed

266 1290 460 1354 quamquam
495 1271 617 1338 codices
656 1293 756 1358 genus
791 1276 941 1339 neutrum
980 1275 1155 1351 testantur,
1195 1294 1390 1356 quamquam

266 1374 413 1442 Catullus
437 1401 473 1444 eo
496 1379 541 1444 sic
561 1380 611 1444 nti
631 1383 748 1465 potuit,
773 1385 883 1447 tamen
899 1380 978 1446 haec
994 1379 1154 1464 scriptura
1171 1401 1234 1444 non
1250 1381 1390 1466 genuina

266 1484 400 1550 videtur.
436 1484 520 1552 Nam
541 1510 614 1553 cum
639 1487 673 1553 in
696 1487 908 1572 pentametro,
932 1486 965 1549 in
982 1508 1045 1571 quo
1060 1487 1150 1552 nulla
1167 1490 1216 1553 est
1231 1487 1390 1554 librorum

266 1591 491 1679 discrepantia,
517 1618 618 1682 genus
642 1596 854 1663 masculinum
877 1594 1068 1661 habeamus:

431 1724 539 1788 Verum
563 1727 655 1788 elium
680 1726 765 1788 culus
788 1725 930 1788 mundior
952 1731 981 1786 et
1004 1726 1120 1802 melior,

265 1844 298 1908 in
321 1844 507 1912 hexametro
536 1871 661 1934 quoque
691 1872 756 1915 non
785 1850 946 1914 credemus
976 1851 1104 1931 poetam
1133 1867 1250 1930 genere
1273 1852 1389 1916 neutro

266 1973 357 2017 usum
388 1976 463 2022 esse.
510 1954 652 2036 Accedit,
682 1957 765 2040 quod
792 1955 957 2036 librarius,
994 1955 1051 2038 qui
1084 1954 1176 2019 modo
1200 1958 1389 2021 exaraverat

264 2066 405 2129 mundius
427 2066 499 2144 hcc,
529 2064 556 2128 si
585 2065 647 2131 iam
674 2065 883 2129 masculinum
907 2065 1090 2128 immundior
1111 2065 1162 2128 illc
1184 2064 1388 2147 sequebatur,

264 2170 350 2237 facili
379 2194 486 2238 errore
515 2172 575 2240 hoc
603 2177 787 2240 convertere
810 2175 939 2257 poterat
966 2174 1000 2236 in
1031 2176 1181 2238 neutrum
1203 2173 1388 2236 immundius

263 2281 347 2344 illud.
395 2279 608 2347 Praeferenda
641 2281 742 2367 igitur
776 2281 904 2345 ridetur
939 2281 1113 2366 scriptura,
1151 2301 1247 2362 quam
1282 2277 1388 2343 Lech·

263 2410 401 2455 mannus
423 2389 458 2454 in
481 2393 576 2455 textu
598 2388 711 2454 habet:

424 2519 525 2582 Nihilo
547 2519 689 2582 mundius
712 2518 780 2594 hoc,
804 2516 956 2596 nihiloque
978 2517 1162 2578 immundior
1185 2517 1244 2581 ille.

265 2639 335 2705 Iam
356 2643 465 2729 igitur,
489 2646 660 2729 postquam
677 2641 715 2708 de
730 2661 839 2706 versus
855 2639 957 2705 forma
973 2638 1216 2723 disputavimus,
1238 2640 1388 2727 progredi

266 2748 341 2813 licet
362 2749 403 2816 ed
426 2751 468 2831 id,
497 2754 695 2837 quapropter
717 2750 755 2814 de
779 2770 815 2813 eo
838 2749 936 2814 verba
959 2747 1102 2815 facimus.
1150 2746 1278 2814 Codices
1303 2749 1387 2815 enim

265 2877 322 2938 pro
343 2862 505 2944 nihiloque,
534 2858 617 2943 quod
641 2858 720 2943 quin
743 2880 854 2923 verum
877 2857 920 2920 sit
944 2878 1035 2920 nemo
1059 2855 1202 2935 dubitat,
1234 2856 1388 2922 exhibent

262 2969 408 3050 nobisque
431 2970 561 3051 praeter
585 2965 704 3044 ODL²;
728 2965 805 3032 inO
829 2969 982 3049 nihiloque
1005 2965 1153 3044 habetur,
1179 2963 1258 3029 inD
1281 2967 1387 3042 nihilo,

262 3073 296 3139 in
319 3074 346 3139 L
370 3100 389 3142 a
412 3099 510 3141 manu
538 3075 676 3141 secunda
704 3076 739 3140 in
762 3075 907 3159 margine
930 3075 1083 3156 nihiloque
1106 3071 1304 3155 adscriptum
1328 3076 1384 3138 est.

263 3180 457 3267 Corruptum
492 3187 598 3249 autem
634 3182 715 3249 illud
748 3185 894 3266 nobisque
928 3202 968 3244 ex
1003 3179 1187 3264 compendio
1218 3180 1387 3265 archetypi

262 3292 345 3356 male
379 3291 546 3357 intellecto
578 3297 688 3356 ortum
722 3312 789 3356 csse
818 3286 960 3353 videmus
995 3311 1034 3354 ex
1063 3277 1167 3354 codice
1197 3286 1235 3356 Ο.
1281 3286 1320 3352 In
1350 3311 1387 3353 eo

262 3473 345 3537 enirn
373 3476 526 3556 nihiloque
555 3469 739 3556 compendio
769 3468 813 3534 sic
840 3399 913 3554 nilq;
942 3472 1097 3555 scriptum
1121 3472 1179 3547 est,
1204 3473 1241 3533 ut
1265 3493 1283 3534 a
1306 3475 1387 3557 nhq;

262 3575 435 3665 (nobisque)
460 3581 513 3644 vix
537 3579 692 3666 distingui
715 3578 826 3663 possit,
860 3583 893 3644 et
910 3601 1040 3663 prorsus
1055 3577 1191 3642 similem
1208 3578 1242 3643 in
1258 3580 1385 3645 modum

262 3687 484 3772 compendium
501 3687 581 3752 illud
597 3687 632 3751 in
648 3686 824 3771 archetypo
841 3689 1007 3752 exaratum
1025 3685 1121 3748 fuisse
1134 3686 1315 3768 ponendum
1328 3692 1386 3756 est.

353 3813 460 3898 Atque
485 3813 632 3880 omnibus
657 3811 706 3876 his
732 3813 818 3892 locis,
843 3813 1013 3896 dequibus
1030 3810 1134 3876 adhuc
1149 3809 1184 3873 iu
1200 3809 1259 3876 hac
1274 3810 1384 3898 dispu-

261 3923 395 3988 tationis
418 3923 579 4009 particula
603 3921 737 4008 egimus,
760 3943 837 3986 vera
860 3921 1028 4002 scriptura,
1053 3939 1136 4000 quae
1158 3921 1215 3983 aut
1235 3921 1306 4004 ipsa
1328 3927 1386 3988 aut

261 4029 375 4095 leviter
404 4034 557 4116 corrupta
584 4034 697 4115 postea
725 4030 757 4092 in
787 4028 814 4094 Ο
844 4032 974 4112 reperta
1004 4027 1066 4103 est,
1095 4025 1160 4092 iem
1188 4027 1222 4093 in
1247 4028 1385 4096 editione

261 4136 523 4206 Lachmanniana
540 4138 688 4203 habetur.
724 4137 793 4204 Iam
810 4136 850 4204 ed
867 4158 919 4201 eos
934 4135 1136 4220 pervenimus
1152 4137 1247 4216 locos,
1269 4137 1385 4220 quibus

261 4249 421 4334 scriptura
460 4250 569 4314 textus
603 4244 858 4312 Lachmauniani
896 4246 1027 4330 probari
1060 4268 1124 4313 non
1159 4249 1281 4388 pqtest3
1320 4250 1385 4309 tres
