3240 4938
768 296 810 360 io

317 473 487 538 Praeterea
511 476 619 538 antem
637 474 697 538 hac
721 473 958 557 comparatione
982 471 1124 538 codicum
1149 471 1177 537 G
1200 473 1278 538 etB
1302 472 1349 536 ef-

226 582 346 648 fectum
371 585 429 660 est,
453 585 490 646 ut
513 581 551 646 de
575 581 679 666 pretio
704 580 946 664 scripturarum,
971 603 1055 665 quae
1078 581 1218 665 duplices
1242 581 1276 644 in
1292 582 1348 646 illo

226 693 354 770 extant,
383 689 502 755 rectius
529 689 669 756 iudicare
698 687 864 773 possimus.
912 688 1085 775 Permagni
1114 692 1199 754 enim
1227 690 1349 754 obbas

226 798 367 882 duplices
383 796 557 879 scripturas
575 793 737 860 aestimari
753 797 835 861 solet
851 796 950 861 codex
966 796 1003 874 G,
1021 819 1093 862 cum
1109 795 1184 863 hinc
1201 801 1350 863 naturam

226 905 395 990 archetypi
431 903 538 968 animo
574 901 696 987 fingere
730 925 821 988 posse
857 903 1031 972 videamur.
1085 905 1128 969 Et
1157 905 1225 968 sine
1254 903 1350 969 dubio

226 1012 323 1077 codex
340 1010 368 1075 G
393 1009 531 1094 reliquos
554 1009 653 1075 libros
677 1032 784 1075 omnes
801 1011 861 1076 hac
879 1033 912 1075 re
928 1017 1068 1096 superat,
1092 1014 1176 1098 quod
1192 1013 1351 1098 plurimae

227 1119 366 1203 duplices
390 1118 568 1201 scripturae
591 1140 630 1182 ex
654 1119 829 1204 archetypo
847 1118 876 1183 V
892 1119 926 1184 in
942 1143 1014 1186 eum
1029 1125 1254 1205 pervenerunt.
1290 1117 1350 1183 Sed

226 1227 307 1291 illud
331 1226 502 1291 tenendum
528 1229 577 1290 est
601 1227 746 1291 extitisse
769 1227 801 1290 in
827 1227 956 1293 libroV
979 1230 1076 1293 etiam
1093 1229 1234 1312 duplices
1251 1228 1351 1310 scrip-

226 1340 332 1411 turae,
365 1355 447 1417 quae
476 1333 509 1398 in
539 1333 644 1398 codice
669 1332 697 1398 G
728 1355 789 1399 non
815 1340 944 1414 extant,
980 1337 1010 1399 id
1035 1337 1118 1418 quod
1141 1337 1185 1398 eis
1208 1356 1290 1416 quae
1313 1333 1351 1397 de

230 1443 312 1506 libro
338 1441 363 1504 B
390 1442 584 1525 protulimus
614 1443 868 1507 demonstratum
897 1448 955 1508 est
1007 1441 1092 1506 lllud
1120 1444 1288 1524 praeterea
1317 1441 1349 1502 in

230 1549 325 1615 dubio
349 1549 590 1632 relinquendum
614 1554 672 1629 est,
697 1573 773 1615 num
791 1572 898 1614 omnes
916 1551 1056 1633 duplices
1072 1550 1251 1632 scripturae
1275 1547 1349 1611 libri

227 1656 256 1722 G
282 1659 314 1721 in
339 1658 408 1740 ipso
431 1655 461 1720 V
489 1662 641 1722 exaratae
664 1659 794 1724 fuerint.
843 1656 967 1722 Extant
991 1659 1076 1723 enim
1100 1679 1209 1722 earum
1234 1656 1267 1720 in
1293 1677 1350 1718 nu·

228 1787 315 1830 mero
340 1763 424 1829 hand
440 1785 571 1848 paucae,
595 1785 677 1848 quae
693 1765 765 1828 inde
781 1765 930 1831 videntur
946 1771 1035 1830 ortae
1052 1787 1127 1843 esse,
1151 1765 1234 1849 quod
1251 1764 1351 1827 libra·

231 1875 307 1952 riae,
333 1896 403 1937 cum
428 1872 549 1936 duobus
574 1874 673 1936 modis
698 1873 866 1957 archetypi
890 1874 1049 1958 scriptura
1074 1875 1138 1960 legi
1160 1877 1278 1956 posset,
1302 1873 1352 1935 in·

231 1985 337 2046 certus
354 1988 461 2044 utrum
480 1981 658 2060 adhiberet,
675 1985 846 2065 utrumque
863 1983 971 2066 posuit
985 1982 1094 2067 itaque
1111 1984 1178 2066 ipse
1194 1981 1353 2064 duplicem

228 2089 410 2173 procreavit
439 2088 647 2169 scripturam3
678 2088 709 2151 id
738 2089 822 2171 quod
849 2096 934 2155 recle
959 2090 1020 2154 viri
1042 2091 1127 2155 docti
1151 2093 1353 2153 monuerunt.

230 2195 335 2260 Huius
367 2194 492 2278 generis
523 2193 670 2256 videntur
698 2215 764 2256 esse
794 2197 845 2272 7,b'
874 2200 955 2258 decli
979 2201 1011 2259 al
1034 2201 1121 2260 beari
1144 2195 1242 2268 23,19
1269 2196 1353 2254 culcis

229 2304 262 2365 ol
296 2304 382 2362 cutrrs
416 2299 494 2378 25,5
529 2303 607 2363 otios
640 2304 672 2362 ol
695 2322 768 2363 coes
796 2305 829 2363 ol
858 2307 941 2365 ortes
964 2303 1085 2379 6428ss
1113 2323 1172 2365 nora
1203 2320 1299 2362 occos
1322 2301 1354 2361 ut

229 2411 405 2484 bonucrios,
431 2407 504 2472 alia.
551 2405 639 2471 Haec
667 2411 775 2471 autem
799 2429 861 2471 non
885 2409 1026 2485 obstant,
1050 2407 1219 2492 quominus
1243 2427 1354 2471 conce-

230 2517 340 2581 damus
371 2515 515 2581 extitisse
550 2515 583 2580 in
607 2512 637 2578 V
667 2518 717 2580 sat
747 2518 865 2582 multas
894 2516 1033 2601 duplices
1057 2518 1232 2600 scripturas
1257 2517 1354 2598 atque

230 2625 367 2689 codicem
391 2622 418 2688 G
442 2625 598 2708 optimam
622 2623 737 2688 harum
754 2626 986 2710 seripturarum
1003 2627 1176 2714 imaginem
1192 2626 1354 2709 praebere.

322 2731 495 2815 Postquam
525 2731 568 2795 sic
596 2731 634 2795 de
659 2734 908 2800 correctionibus
931 2741 964 2798 et
988 2735 1154 2819 scripturis
1177 2733 1356 2816 duplicibus

232 2842 265 2906 in
289 2838 472 2905 universum
496 2837 743 2920 disputavimus,
773 2846 885 2920 restat,
910 2845 947 2905 ut
970 2841 1151 2927 singulos
1175 2839 1280 2905 locos
1306 2862 1353 2903 re-

231 2971 431 3025 censeamus,
462 2945 577 3030 quibns
606 2970 644 3013 ex
673 2949 717 3015 eis
741 2949 861 3036 aliquid
887 2949 1009 3014 fructus
1033 2949 1072 3014 ad
1097 2948 1355 3013 constituendum

232 3061 361 3122 textum
384 3055 554 3123 redundat.

311 3164 432 3248 ‘Atque
454 3163 492 3227 de
507 3166 643 3250 singulis
659 3168 907 3235 correctionibus
924 3191 986 3233 non
1003 3166 1065 3232 iarn
1084 3164 1187 3229 multa
1204 3164 1357 3230 monenda

234 3276 327 3350 sunt;
367 3294 441 3336 nam
476 3272 656 3356 ubicunque
680 3283 839 3342 corrector
863 3253 1038 3362 genuinum
1072 3275 1105 3338 in
1141 3272 1167 3338 G
1204 3259 1357 3351 restituit,

232 3402 357 3466 semper
381 3380 443 3443 iani
470 3376 668 3444 Lachmanni
693 3382 767 3446 libri
792 3407 900 3449 verum
925 3386 1088 3450 exhibent.
1132 3382 1193 3448 sed
1217 3382 1254 3446 de
1279 3404 1358 3445 non-

234 3485 332 3552 nullis
356 3507 466 3550 eorum
490 3508 653 3566 versuum,
683 3490 716 3554 in
741 3513 819 3577 quos
843 3497 1003 3557 corrector
1026 3493 1141 3556 falsam
1165 3489 1357 3570 scripturam

233 3593 357 3674 intulit,
381 3594 472 3658 nobis
497 3594 715 3661 disserendum
739 3605 802 3675 est;
827 3599 942 3682 quibus
966 3621 1038 3662 cum
1062 3592 1259 3660 Lachmanni
1283 3588 1358 3653 libri

235 3705 366 3768 eandem
396 3702 487 3766 illam
512 3703 626 3767 falsam
651 3707 844 3790 scripturam
868 3708 1053 3790 praebeant,
1083 3702 1219 3786 primam
1242 3697 1357 3764 codicis

235 3810 417 3876 Grnanum
441 3815 498 3874 aut
523 3833 630 3877 rerum
655 3814 757 3898 ipsum
783 3819 840 3894 ant
863 3813 1001 3899 aliquid,
1031 3812 1114 3896 quod
1144 3835 1163 3876 a
1194 3831 1265 3874 vero
1297 3830 1358 3873 non

233 3920 346 4005 procul
384 3919 490 3998 abest,
529 3919 677 3986 habuisse
717 3923 782 3988 sive
816 3922 964 4009 cognosci
1002 3921 1067 3986 sive
1101 3919 1209 4005 colligi
1243 3921 1359 4001 potest.

236 4030 343 4112 Atque
379 4024 482 4091 tribus
518 4025 633 4094 horum
660 4030 800 4095 locorum
831 4035 991 4096 corrector
1024 4028 1216 4112 scripturam
1245 4025 1359 4090 falsam

236 4163 322 4208 mero
345 4134 468 4202 scribae
491 4155 598 4201 errore
621 4143 736 4220 ortam,
761 4142 902 4226 quinque
926 4137 1083 4202 infelicem
1109 4134 1361 4200 emendationem

236 4255 270 4320 in
293 4255 410 4334 librum
435 4253 463 4320 G
486 4249 615 4316 intulit:
