3240 4938
835 287 855 351 d

282 461 369 536 Quod
406 445 479 528 non
515 464 730 558 probabiliter
765 466 942 531 instituisse
985 464 1124 530 videtur:
1185 467 1264 532 illud
1306 473 1333 532 st
1371 473 1404 550 fil

282 571 364 634 eninr
395 593 497 655 neque
527 571 566 636 ad
594 575 788 638 sententiam
825 576 962 638 multum
998 575 1085 639 valet
1119 578 1152 638 et
1183 575 1278 640 nimis
1308 577 1405 663 longe

281 679 371 743 abest
406 679 447 743 ab
481 679 538 744 illo
573 690 699 765 stetque.
746 679 877 747 Accedit
907 683 989 766 quod
1018 681 1060 762 G,
1090 705 1227 768 quocum
1258 681 1285 749 0
1316 684 1404 764 facit,

280 785 358 852 haee
381 789 538 853 testatur:
694 798 695 801 ’

440 898 537 960 immo
560 899 651 960 etium
675 899 775 962 taedet
799 898 978 977 obestque
1002 902 1159 981 magisque
1183 903 1291 982 magle.

280 1003 394 1088 Itaque
429 1025 491 1069 non
526 1027 585 1089 pro
619 1005 675 1070 illo
713 1009 870 1088 magisque
905 1006 1120 1087 reponendum
1150 1013 1221 1073 erat
1252 1010 1405 1093 obestque,

282 1111 335 1175 sed
363 1113 577 1195 comparanda
606 1113 712 1197 potins
747 1119 840 1178 erant-
868 1122 982 1196 stetque
1012 1117 1044 1177 et
1073 1118 1216 1200 obestque
1245 1120 1277 1180 et
1307 1138 1405 1200 quae-

282 1219 425 1297 rendum,
449 1221 557 1283 utrum
582 1219 687 1284 verius
710 1224 801 1299 esset,
827 1224 935 1284 utrum
959 1241 999 1282 ex
1021 1221 1124 1287 altero
1140 1226 1257 1289 ortum.
1297 1224 1405 1310 Atque

282 1348 369 1391 mero
400 1348 506 1391 errore
535 1348 637 1412 neque
668 1332 810 1413 obestque
834 1337 1011 1411 exstetque
1040 1351 1100 1396 nec
1124 1353 1197 1396 vero
1221 1331 1288 1397 vice
1313 1355 1404 1399 versa

281 1447 397 1520 stetque
420 1456 459 1498 ex
482 1438 625 1520 obestque
654 1437 781 1502 videtur
809 1443 921 1502 natum
946 1459 1022 1502 esse.
1071 1435 1238 1524 Scriptura
1262 1444 1405 1525 obestque

282 1548 400 1622 autem,
424 1565 505 1627 quae
528 1543 676 1631 intellegi
699 1548 822 1629 potest,
853 1545 1000 1609 veritatis
1024 1546 1158 1628 speciem
1182 1570 1260 1630 prae
1284 1572 1316 1614 se
1340 1549 1405 1614 fert

280 1657 327 1731 et,
370 1673 564 1736 quamquam
600 1655 742 1736 obestque
776 1657 933 1735 magisque
972 1658 1070 1734 mupis
1114 1657 1226 1719 contra
1266 1661 1404 1722 metrum

280 1765 421 1846 pugnat3
452 1765 537 1825 certe
567 1760 594 1823 si
623 1760 777 1825 deleveris
806 1760 886 1824 illud
914 1765 1086 1843 magisque,
1122 1762 1205 1844 quod
1235 1763 1404 1828 delendum

280 1891 347 1934 esse
370 1870 454 1932 inter·
478 1888 585 1932 omnes
609 1874 747 1948 constat,
772 1869 869 1933 verba
893 1871 1035 1950 obestque
1059 1873 1157 1952 mepte
1181 1875 1256 1954 apte
1277 1894 1403 1936 versum

281 1979 520 2060 pentametrum
545 1977 691 2041 claudere
714 1980 858 2060 possunt.
898 1975 1018 2041 Contra
1034 1977 1173 2040 alterum
1192 1976 1271 2041 illud
1288 1989 1404 2061 stetque

282 2105 373 2148 sensu
397 2104 520 2147 cassum
545 2089 603 2160 est,
628 2087 731 2148 metro
746 2084 874 2170 egregie
890 2085 1046 2148 convenit.
1087 2081 1192 2158 Quare
1209 2106 1244 2148 eo
1261 2085 1404 2151 videmur

281 2189 402 2272 deduci,
425 2194 462 2253 ut
485 2200 601 2274 stetque
625 2214 643 2254 a
665 2191 798 2256 librario
816 2192 910 2256 metri
927 2191 1059 2256 sanandi
1076 2213 1170 2256 causa
1186 2214 1244 2276 pro
1261 2195 1404 2277 obestque

280 2299 390 2362 fiotum
415 2320 481 2364 esse
506 2321 698 2367 censeamus.
742 2299 785 2364 Et
809 2322 1004 2384 quamquam
1028 2322 1183 2383 ponamus
1208 2322 1331 2367 necesse
1355 2306 1403 2366 est

279 2407 371 2470 illum
396 2408 590 2472 sententiam
615 2431 677 2472 non
701 2431 836 2483 curasse,
861 2417 969 2474 tamen
987 2407 1046 2472 hoc
1063 2408 1103 2472 ab
1119 2407 1246 2492 ingenio
1263 2409 1403 2494 humano

280 2537 344 2579 non
368 2516 464 2598 plane
488 2515 629 2580 alienum
654 2515 880 2589 videturesse,
911 2538 983 2580 cum
1007 2516 1089 2580 aliae
1114 2515 1252 2580 eiusdem
1277 2517 1403 2602 generis
1449 2569 1451 2574 .

280 2621 544 2706 interpolationes
572 2628 749 2689 occurrant.
797 2622 1026 2690 Gravissimum
1062 2623 1243 2708 exemplum
1272 2624 1403 2708 praebet

281 2731 430 2796 carminis
465 2729 571 2814 quinti
606 2753 715 2794 versus
750 2737 897 2810 octavus,
934 2732 989 2795 ubi
1017 2738 1177 2797 corrector
1207 2732 1337 2816 quidam
1368 2736 1403 2795 ut

281 2861 388 2906 versus
411 2841 514 2904 staret
538 2861 594 2902 suo
618 2837 724 2904 Marte
748 2842 902 2906 scribens:

441 2932 557 3010 Deinde
580 2951 621 3010 mi
645 2952 745 3012 alteru
769 2953 811 3014 du
834 2951 969 3014 securrdo
994 2957 1110 3014 centum

279 3055 473 3120 sententiam
501 3077 631 3140 prorsus
660 3054 884 3138 pessumdedit.
922 3056 1092 3121 Praeterea
1120 3057 1263 3122 conferas
1297 3058 1402 3136 loal,

281 3162 334 3225 ubi
364 3163 396 3225 in
427 3163 547 3241 codice,
577 3184 671 3246 quem
702 3161 832 3228 Ellisius
862 3163 972 3228 littera
1002 3187 1021 3228 a
1048 3164 1252 3250 significavit,
1285 3188 1404 3249 semper

281 3269 389 3334 eodem
418 3271 550 3335 consilio
578 3270 750 3354 eademque
777 3271 980 3357 neglegentia
1006 3273 1244 3356 scriptumest.
1293 3272 1403 3359 Neque

282 3378 377 3441 aliter
401 3379 554 3460 explicari
578 3365 685 3463 potest
708 3389 925 3463 monstrorum,
954 3381 1036 3465 quod
1061 3380 1093 3444 in
1119 3383 1264 3466 margine
1288 3382 1403 3448 codicis

282 3482 379 3551 Oad
409 3485 506 3563 6415
546 3487 741 3572 adscriptum
782 3492 845 3562 est,
888 3486 926 3550 de
966 3509 1028 3570 quo
1063 3489 1277 3568 versu-infra
1311 3490 1403 3554 nobis

280 3594 439 3678 agendum
457 3593 528 3660 erit.
560 3593 676 3670 Quodsi
693 3596 778 3659 recte
795 3592 986 3677 scripturam
1004 3598 1146 3678 obestque
1162 3595 1403 3679 praeferendam

279 3723 346 3766 esse
370 3702 552 3780 statuimus,
575 3725 646 3766 curn
670 3724 793 3767 versus:

439 3813 534 3874 Immo
558 3815 650 3888 cltum
673 3813 774 3874 taedet
797 3813 939 3894 obestque
962 3815 1060 3893 mepte

279 3939 410 3983 mancus
439 3919 497 3997 sit,
533 3919 653 4003 aliquid
685 3919 884 3982 inserendum
916 3920 974 3985 est.
1027 3917 1069 3982 Et
1098 3919 1187 3984 varie
1224 3920 1284 3985 viri
1319 3921 1403 3986 docti

278 4027 449 4094 inseruere.
486 4025 557 4090 Non
581 4028 674 4110 pauci
699 4028 737 4091 ad
762 4027 858 4092 verba
882 4029 957 4092 uidit
975 4029 1085 4110 secuse
1101 4029 1227 4112 benigue
1243 4049 1321 4113 opus
1337 4049 1403 4093 esse

279 4136 375 4200 verbo
399 4136 492 4201 finito
516 4135 581 4202 rati
600 4135 811 4219 scripserunt:

1046 4247 1121 4308 aiau
1142 4245 1253 4324 secuse
1277 4246 1403 4326 benique
