3240 4938
811 327 852 393 50

268 513 376 576 autem
399 506 541 574 codicum
558 503 587 571 D
604 509 637 573 et
654 505 681 573 Ο
697 513 728 574 iu
747 509 838 574 Creta
861 511 973 574 natam
996 530 1063 575 esse
1087 507 1232 596 neglecta
1255 506 1383 589 lineola,

267 639 330 701 qua
354 617 451 683 litera
474 639 503 681 m
526 617 560 682 in
584 617 647 683 fine
671 618 840 683 verborum
865 617 1041 703 significari
1064 619 1155 684 solet.

357 724 417 790 sed
457 726 536 790 haec
577 725 750 789 sufficiant.
811 725 980 791 Possumus
1014 727 1099 791 enirn
1132 727 1171 790 de
1205 726 1277 791 aliis
1311 726 1388 791 locis

267 829 353 894 haud
363 831 473 913 paucis
486 832 648 911 disserere,
660 833 775 915 quibus
791 832 927 897 editores
941 832 1101 898 novissimi
1115 855 1269 898 novarum
1282 855 1391 898 rerum

268 937 401 1002 studiosi
424 961 441 1002 e
465 941 625 1024 corruptis
642 940 756 1006 codicis
773 938 800 1005 Ο
821 940 988 1023 scripturis
1009 939 1130 1023 aliquid
1147 941 1262 1005 elicere
1278 940 1391 1005 studu-

267 1049 362 1108 erunt
374 1069 490 1134 magna
503 1069 596 1132 saepe
607 1049 946 1132 ingeniieontentione,
959 1070 1124 1132 nunquam
1137 1047 1224 1112 felici
1235 1069 1388 1114 successu.

265 1157 335 1233 Qua
364 1155 401 1220 'in
424 1179 459 1222 re
488 1156 569 1222 illud
596 1157 752 1242 imprimis
781 1157 959 1241 neglexisse
987 1157 1150 1236 videntur,
1180 1156 1264 1240 quod
1292 1155 1390 1221 codex

264 1264 320 1330 ille
344 1267 377 1329 et
400 1265 528 1350 legendi
552 1270 585 1331 et
608 1265 766 1333 scribendi
790 1266 950 1330 erroribus
974 1264 1071 1329 variis
1094 1266 1243 1348 oppletus
1259 1266 1292 1328 et
1314 1284 1390 1328 eon-

265 1370 366 1436 fertus
391 1377 449 1440 est.
492 1373 610 1440 Omisit
634 1375 717 1439 enim
733 1373 883 1440 librarius
900 1375 985 1436 totos
1002 1395 1126 1436 versus:
1152 1373 1237 1450 262.
1256 1370 1386 1449 64630.

266 1479 516 1560 64‚3rr-379;
541 1483 657 1547 horum
681 1480 822 1544 locorum
846 1481 945 1546 tertio
974 1480 1125 1545 librarius
1155 1479 1319 1547 aberravit
1348 1478 1388 1542 ab

264 1590 367 1654 altero
391 1613 484 1655 versu
507 1590 693 1656 intercalari
717 1591 756 1655 ad
781 1589 929 1667 alterum,
954 1610 1087 1673 qnorum
1111 1589 1199 1672 prior
1223 1609 1279 1653 cur
1303 1586 1389 1650 dele·

263 1700 337 1762 atur
366 1697 451 1762 iusta
478 1717 574 1762 causa
604 1717 668 1760 non
697 1700 761 1773 est;
797 1695 905 1760 omisit
932 1697 1029 1761 verba
1058 1696 1110 1774 9‚1
1136 1720 1153 1761 c
1176 1697 1276 1777 23,16
1301 1697 1387 1760 abest

264 1805 361 1885 64,69
391 1816 419 1870 le
446 1806 508 1871 133
537 1809 569 1870 in
598 1804 661 1870 176
690 1809 803 1870 uostris
826 1803 925 1884 6634
949 1809 1087 1881 taurirm3
1111 1805 1220 1868 omisit
1242 1803 1385 1887 singulas

262 1915 431 1980 verborum
455 1915 596 1998 syllabas
627 1913 726 1993 62,ἶῖ
751 1917 855 1997 aspice
880 1913 1036 2002 (aspicite)
1060 1913 1158 1992 66,65
1182 1916 1278 1995 uirgis
1303 1908 1398 1997 (66·-Ι

261 2021 368 2108 qiair);
398 2045 566 2107 perperam
594 2023 779 2088 immutavit
807 2025 978 2089 verborum
1007 2023 1150 2088 ordinem
1176 2021 1272 2100 12,13
1297 2042 1384 2084 nemo

261 2142 306 2196 est
339 2136 438 2196 siniam
473 2123 570 2208 6337
604 2135 711 2196 meeber
740 2135 851 2209 aotbu3
884 2133 988 2196 multa
1017 2131 1161 2214 corrupit
1193 2126 1386 2213 compendiis

261 2239 345 2304 male
379 2239 552 2303 intellectis
587 2239 708 2317 dl,125
744 2243 859 2304 domiai
894 2236 974 2325 (diu)
1011 2240 1131 2318 64,372
1161 2249 1233 2304 arcte
1262 2233 1383 2324 (unicui)

261 2347 359 2424 6621
388 2367 462 2410 uero
491 2347 578 2433 (uon)
609 2347 707 2427 6622
736 2350 830 2427 sactis
858 2346 1011 2434 (bullam
1042 2346 1133 2411 varia
1160 2346 1296 2429 denique
1321 2344 1385 2408 alia

261 2455 404 2540 scripsit,
434 2475 516 2539 quae
545 2453 612 2517 eius
639 2453 879 2542 neglegentiam
904 2457 1063 2521 testentur
1086 2455 1139 2534 4,l
1164 2459 1383 2534 6666166696-

260 2567 352 2630 ludus
376 2560 543 2652 (insulasve
569 2561 733 2650 Cycladas)
765 2563 861 2643 1723
885 2567 953 2628 uolo
977 2567 1045 2627 uolo
1069 2561 1150 2650 (cum
1173 2559 1255 2648 colo)
1282 2560 1380 2638 63,49

259 2681 458 2762 magestatem
482 2670 651 2753 (maestost,
675 2671 773 2736 ceteri
794 2671 915 2737 codices
931 2661 1085 2736 exhibent
1100 2666 1260 2754 maiestas)
1285 2668 1384 2746 66,69

260 2785 424 2864 quicquum
448 2777 673 2862 (quamquam).

350 2886 412 2954 Sed
441 2906 608 2971 possumus
637 2886 701 2950 iam
726 2906 881 2952 summam
904 2886 1009 2952 facere
1033 2908 1140 2951 eorum
1165 2907 1247 2970 quae
1281 2885 1383 2950 adhuc

259 2996 501 3082 disputavimus.
550 2993 657 3077 Atque
680 2994 820 3077 primum
843 3016 899 3058 sex
921 2995 1006 3060 locos
1023 2996 1242 3074 tractavimus,
1267 2995 1382 3078 quibus

260 3104 460 3170 Lachmanni
498 3103 573 3168 libri
602 3106 660 3166 aut
689 3102 794 3186 ipsum
829 3125 938 3168 verum
966 3105 1023 3167 aut
1051 3102 1188 3188 vestigia
1219 3105 1288 3168 veri
1317 3124 1381 3168 non

259 3213 454 3278 correctione
487 3211 608 3275 infelici
642 3211 832 3277 oblitterata
859 3212 1030 3295 praebent,
1067 3211 1244 3295 scripturae
1275 3213 1383 3275 antem

261 3319 335 3384 libri
364 3316 391 3383 Ο
420 3319 669 3402 interpolatione
699 3324 789 3384 ortae
818 3322 893 3383 sunt
921 3340 1024 3402 neque
1055 3343 1073 3384 6
1097 3317 1292 3384 Baehrensio
1323 3320 1383 3385 ali-

259 3428 348 3511 isque
382 3425 460 3492 viris
487 3425 589 3490 doctis
616 3425 747 3510 probari
777 3425 951 3504 debebaut;
986 3430 1024 3493 de
1052 3428 1188 3511 septimo
1211 3431 1245 3492 et
1268 3433 1380 3493 octavo

258 3534 397 3599 eiusdem
420 3531 545 3619 generis
569 3530 682 3618 (66,83
707 3537 805 3600 colitis
828 3534 928 3612 42,14
943 3535 1042 3620 potes)
1066 3536 1130 3600 iam
1155 3535 1317 3620 inpriore
1341 3535 1380 3600 de

259 3637 287 3702 G
315 3641 409 3723 parte
438 3640 574 3724 egimus;
605 3640 643 3704 de
672 3663 754 3706 nono
778 3642 867 3727 (le
898 3643 1048 3728 lecticulo)
1077 3643 1218 3708 dubitari
1239 3647 1379 3727 poterat.

259 3747 340 3812 Tum
373 3747 411 3812 de
446 3747 524 3813 locis
558 3747 748 3832 quibusdam
783 3772 823 3814 ex
856 3772 965 3816 eorum
1000 3773 1132 3817 numero
1167 3751 1381 3835 disseruimus,

258 3858 373 3941 quibus
397 3878 468 3921 oum
493 3857 693 3922 Lachmanni
722 3856 797 3922 libri
826 3858 910 3923 etl}
934 3881 1043 3925 verum
1067 3860 1249 3942 exhibeant,
1275 3860 1380 3926 Baeh-

258 3965 381 4030 rensins
412 3967 445 4028 et
474 3965 530 4028 alii
554 3964 637 4030 libro
661 3964 688 4030 Ο
712 3967 784 4050 plus
807 3989 902 4051 quarn
926 3990 986 4052 par
1010 3971 1080 4032 erat
1102 3966 1176 4030 fidei
1201 3971 1379 4034 tribuentes
1486 4001 1490 4009 .
1584 4013 1585 4028 ,

258 4072 451 4155 scripturam
480 4073 605 4138 librarii
633 4075 837 4160 neglegentia
865 4079 1049 4159 corruptam
1079 4076 1112 4138 in
1142 4079 1266 4139 textum
1293 4093 1380 4136 rece-

257 4186 382 4264 perunt.
431 4178 574 4264 Denique
597 4181 705 4264 paucis
729 4181 988 4248 adumbravimus
1012 4185 1100 4247 varia
1125 4182 1379 4264 corruptelarum

256 4310 385 4372 genera,
409 4290 547 4374 quaein
572 4287 600 4353 0
623 4291 802 4371 permultae
826 4295 951 4356 extant.
