3240 4938
783 340 802 402 2

231 521 323 602 parte
359 522 435 583 aute
466 520 573 583 omnia
598 520 626 582 ei
656 517 865 601 componendi
896 521 970 581 sunt
1001 517 1072 596 loci,
1104 520 1219 604 quibus
1250 519 1359 586 Gaut

231 626 395 692 meliorem
430 630 504 725 aut⁸
523 626 663 712 peiorem
699 647 796 709 quam
820 623 1018 690 Lachmanni
1052 626 1128 690 libri
1163 627 1356 711 scripturam

232 733 372 802 exhibet.
420 734 591 799 Praeterea
615 755 687 798 cum
711 730 838 797 libroG
863 735 984 798 multae
1008 735 1217 799 correctiones
1242 734 1356 798 raden-

232 839 271 905 do
295 841 344 904 vel
370 843 579 927 expungendo
602 841 707 906 factae
732 841 915 924 multaeque
932 841 1110 925 scripturae
1125 840 1265 924 duplices
1281 862 1355 925 pro-

232 949 321 1033 priae
350 949 424 1027 sint,
455 954 599 1014 nostrum
636 951 698 1013 erit
725 970 878 1032 quaerere
909 949 946 1013 de
977 948 1026 1012 his
1053 949 1129 1034 quid
1153 949 1355 1015 iudicandum

231 1057 283 1122 sit.
330 1055 432 1121 Simul
458 1062 565 1122 autem
591 1057 622 1122 id
646 1057 805 1144 agendum
830 1062 889 1136 est,
914 1060 949 1120 ut
975 1061 1140 1144 appareat,
1168 1081 1246 1123 num
1269 1062 1356 1123 recte

232 1163 447 1229 Baehrensius
472 1164 515 1249 (p.
542 1163 620 1228 XIX
645 1167 728 1249 sqq.)
759 1170 791 1229 ct
815 1165 870 1249 qui
893 1163 921 1229 ei
946 1166 1115 1250 astipulati
1139 1173 1214 1232 sunt
1239 1167 1357 1232 libram

231 1270 259 1335 G
283 1272 480 1356 archetypon
513 1276 692 1338 ceterorum
720 1273 875 1338 librorum
903 1277 1032 1359 praeter
1062 1271 1089 1338 Ο
1119 1275 1261 1340 omnium
1291 1297 1358 1341 esse

230 1378 452 1444 iudicaverint.

320 1486 389 1552 Iam
414 1486 454 1551 ad
478 1489 708 1553 enumerandos
730 1512 782 1555 eos
802 1490 887 1555 locos
909 1511 963 1554 nos
984 1490 1207 1568 convertimus
1231 1492 1356 1574 quibus,

231 1617 302 1660 cum
333 1594 531 1660 Lachmanni
566 1594 688 1662 codices
723 1602 908 1681 corruptam
943 1599 1135 1682 scripturam
1169 1598 1356 1682 praebeant,

231 1702 259 1767 G
289 1706 347 1767 aut
376 1723 486 1766 veram
517 1703 656 1768 servavit
686 1709 742 1770 aut
770 1710 856 1770 certe
885 1707 1015 1790 propius
1045 1727 1139 1789 quam
1170 1705 1220 1769 illi
1248 1703 1290 1770 ab
1319 1727 1356 1769 eo

231 1812 330 1877 abest.
371 1808 462 1875 Inter
485 1818 563 1896 qu'os
587 1811 690 1896 primo
714 1815 783 1878 ioco
808 1836 859 1878 eos
880 1836 1007 1898 ponam,
1032 1813 1147 1897 quibus
1165 1835 1276 1878 verum
1292 1812 1355 1876 iam

231 1920 271 1984 ab
295 1918 388 1985 Italis
412 1921 579 1988 inventum
603 1925 635 1985 et
659 1946 678 1987 a
701 1922 906 1988 Lachmauno
925 1923 1097 2007 probatum
1114 1927 1192 1988 erat.
1230 1919 1356 2005 Ubique

230 2033 338 2093 autem
368 2029 545 2094 adscribam
573 2031 764 2114 scripturam
789 2032 903 2098 codicis
928 2031 966 2109 Ο,
994 2054 1058 2116 quo
1081 2029 1302 2096 commoditati
1325 2033 1358 2094 et

229 2136 406 2220 legentium
431 2139 464 2198 et
488 2139 524 2200 nt
547 2137 632 2201 infra
656 2140 827 2221 apparebit
850 2143 976 2203 nostrae
999 2137 1197 2205 consulatur.

321 2241 375 2321 9,ss

395 2351 431 2413 {a
455 2371 519 2413 aros
543 2359 586 2414 ast
611 2360 708 2429 tuas,
733 2355 955 2434 applicansque
979 2353 1088 2414 oollam

392 2467 491 2521 taara
516 2456 545 2521 D
570 2462 642 2523 tais
666 2458 691 2523 L
719 2471 803 2526 tuas
826 2456 883 2525 GO

326 2565 423 2644 11‚10

394 2675 538 2738 Caesaris
561 2679 686 2740 oiseas
709 2678 892 2740 monimenta
916 2679 1020 2758 mapai

392 2784 526 2847 uideas
549 2781 606 2846 Db
629 2787 756 2847 oiseas
779 2781 835 2846 (ΞΟ

322 2890 398 2970 22,4
612 2971 615 2979 ¹

394 3001 472 3064 Puto
497 3021 576 3064 asse
600 3020 665 3082 eqo
688 3001 732 3062 idi
755 3000 839 3062 milia
864 3007 917 3060 aut
941 2999 1043 3062 decem
1066 3007 1120 3062 aar
1143 3001 1236 3082 plara

393 3129 459 3190 eqo
484 3129 563 3173 esse
587 3104 644 3170 DL
668 3129 748 3171 essa
772 3128 839 3189 eqo
863 3104 920 3172 (ΞΟ

259 3205 263 3210 ’
323 3216 398 3294 37,9

394 3325 509 3406 Atqui
530 3333 808 3406 paterarumque
832 3327 923 3388 totius
946 3326 1033 3388 uobis

393 3440 506 3513 atque
531 3429 587 3494 DL
611 3435 717 3513 atqui
741 3428 798 3495 (ΞΟ

324 3538 445 3615 61,166
470 3537 564 3625 (159)

397 3648 545 3728 Transfer
567 3652 685 3712 ousiae
710 3672 775 3712 cram
800 3651 879 3714 bono

393 3759 532 3819 uraniae
556 3747 712 3832 Damae
736 3758 761 3823 L
786 3763 903 3823 aaziae
927 3753 984 3819 (ΞΟ

324 3860 422 3939 63,76

394 3971 442 4032 Ibi
466 3973 599 4035 inacta
622 3976 694 4053 iaqa
719 3973 872 4034 resoluens
899 3971 1006 4055 Cybele
1029 3970 1165 4034 leonibus

393 4080 522 4140 uincta
547 4073 604 4139 DL
626 4073 758 4143 iaacta
782 4075 839 4142 ΘΟ

326 4180 498 4249 Praeterea
521 4184 574 4249 hic
597 4184 836 4250 memorandum
862 4189 910 4249 est
933 4207 1051 4250 nomen
1074 4186 1190 4263 Attis,
1218 4183 1301 4268 qnod
1325 4183 1358 4248 in

233 4312 259 4356 o.
286 4291 328 4355 63
352 4291 452 4355 sexies
476 4292 623 4357 occurrit.
662 4290 745 4356 Nam
770 4293 850 4357 inD
874 4293 948 4360 ctL
973 4294 1090 4377 ubique
1115 4297 1195 4358 aran
1218 4298 1250 4357 et
1274 4298 1359 4359 orlaa
