3240 4938
812 267 854 336 23

275 469 382 514 vorsus
410 446 519 512 addita
547 450 609 526 est,
641 453 739 531 atque
766 447 926 533 prioribus
955 449 1076 514 dnobus
1100 449 1308 522 Lachmanno
1330 455 1393 520 iam

274 579 312 620 ex
328 555 391 620 La¹
410 559 486 620 nota
502 559 586 632 erat;
608 555 722 620 ceteris
739 559 847 622 antem
862 557 925 622 iam
942 561 1019 622 ante
1034 558 1171 634 codicem
1188 558 1216 624 G
1232 551 1394 646 repertum

272 665 454 729 coniectura
490 686 507 728 a
544 664 621 728 viris
655 663 756 729 doctis
792 664 925 730 inventa
954 668 1039 744 erat,
1075 688 1269 752 quamquam
1298 670 1395 739 tertio

274 775 402 838 tantum
425 774 494 840 loco
518 772 551 837 in
575 771 773 838 Lachmanni
796 775 888 838 textu
913 772 1062 842 habetur.

363 878 510 944 Ceterum
539 880 660 972 duobus
683 884 850 964 praeterea
873 880 949 945 locis
975 876 1189 948 Baehrensins
1213 906 1252 948 cx
1275 884 1395 969 duplici

272 987 386 1052 codicis
410 986 439 1052 G
462 989 621 1073 scriptura
646 987 773 1052 Catullo
801 1010 893 1072 opem
923 988 1031 1054 afferri
1058 1013 1149 1074 posse
1176 993 1315 1077 putavit,
1341 992 1393 1070 1‚8

273 1099 305 1160 et
329 1095 460 1174 64,178.
497 1095 557 1160 Sed
581 1097 687 1180 priore
711 1096 779 1160 loco
800 1100 858 1160 mei
873 1095 954 1162 illud
970 1098 1056 1163 haud
1072 1099 1166 1163 dubie
1182 1123 1246 1164 non
1262 1097 1393 1178 Catulli,

272 1205 325 1270 scd
360 1205 485 1270 librarii
520 1204 682 1269 cuiusdam
718 1207 780 1282 est,
819 1205 996 1289 posteriore
1029 1209 1204 1287 ldmeaeos,
1240 1208 1324 1294 quod
1356 1231 1395 1273 cx

271 1316 433 1379 Idmonecr
458 1312 512 1376 ille
536 1312 655 1390 elicuit,
680 1313 791 1378 multis
815 1313 928 1397 opinor
951 1315 1014 1380 crit
1036 1317 1215 1383 obscurum.

362 1419 500 1484 Restant
531 1420 594 1486 iam
624 1425 778 1504 quattuor
807 1423 883 1501 loci,
919 1424 1035 1506 quibus
1064 1423 1148 1508 quod
1177 1426 1394 1489 interversor

273 1529 468 1613 adscriptum
500 1530 549 1592 est
587 1528 796 1612 depravatum
832 1535 894 1610 est,
934 1532 1094 1617 scriptura
1130 1535 1238 1596 autem
1272 1531 1394 1616 primae

272 1657 384 1702 manus
408 1641 441 1701 ct
464 1636 539 1702 hnic
562 1638 708 1720 praestat
731 1643 763 1702 et
786 1638 815 1704 ei
831 1642 914 1725 qnod
930 1640 960 1705 D
977 1645 1010 1705 et
1025 1640 1051 1706 L
1066 1640 1235 1718 exhibent3
1259 1641 1395 1725 apparet

270 1747 372 1832 igitur
402 1745 459 1809 hoa
487 1767 611 1828 quoqne
639 1749 676 1810 ut
704 1750 775 1813 octo
805 1749 876 1815 illos
903 1771 1001 1835 supra
1030 1755 1220 1816 memoratos
1250 1748 1295 1814 eis
1318 1749 1394 1813 locis

271 1853 524 1919 adnumerandos
562 1873 641 1934 esse,
687 1877 766 1938 quos
799 1857 833 1920 in
870 1857 963 1923 initio
1002 1857 1228 1942 disputationis
1266 1860 1395 1922 nostrae

269 1962 470 2028 contulimus.

361 2071 438 2151 12,4

431 2183 497 2247 Hoc
519 2183 648 2246 salsum
673 2203 738 2246 esce
760 2185 876 2264 putas?
909 2183 1000 2265 Fapit
1022 2190 1061 2260 tc,
1085 2185 1195 2265 inepte.

360 2289 417 2354 DL
440 2293 564 2372 solcum,
589 2287 616 2353 G
639 2293 768 2369 calcum,
792 2291 843 2356 cni
866 2292 1119 2377 suprascriptum
1142 2294 1191 2355 est
1215 2293 1248 2356 al
1269 2294 1393 2374 faloam,

270 2399 298 2465 Ο
321 2403 434 2483 fatam
459 2401 491 2462 at
512 2401 636 2464 sotum.

361 2524 459 2605 5532

431 2637 511 2698 Dum
534 2637 644 2699 nestri
665 2636 707 2698 cis
729 2638 887 2717 particeps
910 2635 1025 2698 oraora

604 2743 627 2781 al
638 2751 664 2780 no

362 2795 417 2860 DL
441 2801 547 2878 nostri,
573 2794 600 2860 G
624 2800 728 2874 vestri,
754 2793 780 2860 O
804 2773 907 2860 vestri.

360 2923 437 3003 54‚5

433 3035 498 3098 Tibi
521 3043 549 3098 ct
573 3035 689 3114 ropac
712 3036 778 3096 reni
802 3041 923 3096 recocto

362 3141 418 3206 DL
441 3145 561 3208 seniore
585 3151 685 3223 copto,
710 3136 737 3202 G
762 3136 838 3202 etO
861 3144 980 3204 seniore
1003 3150 1099 3220 cocto,
1124 3142 1177 3206 scd
1200 3142 1233 3208 in
1251 3141 1279 3207 G
1299 3164 1397 3227 supra

271 3251 408 3316 alterum
434 3273 450 3314 c
474 3249 617 3316 additum
641 3250 691 3312 ost
715 3249 748 3312 al
769 3269 810 3329 p.-

364 3377 460 3457 14‚16
500 3416 502 3420 ·

432 3489 502 3551 Noa
524 3507 586 3551 aon
609 3488 668 3550 roc
691 3485 754 3560 aba
778 3486 887 3566 falec,
911 3486 956 3548 sic
972 3485 1075 3548 obibit.

364 3597 453 3659 Falce
476 3592 563 3658 DLO
586 3591 750 3671 exhibent,
782 3591 810 3656 G
834 3590 934 3658 habet
956 3594 1037 3657 calce
1064 3593 1281 3677 suprascripto
1308 3595 1397 3672 falce.

271 3701 495 3767 Lachmannus
510 3705 623 3767 contra
639 3701 781 3766 codicum
798 3722 927 3765 suorum
939 3698 1156 3764 testimoninm
1168 3703 1249 3764 salse
1260 3700 1293 3764 in
1306 3703 1399 3766 textu

270 3810 388 3893 posuit,
418 3831 482 3894 qua
510 3810 543 3874 in
572 3832 607 3874 re
635 3830 743 3876 omnes
773 3809 910 3874 editores
940 3829 1011 3872 eum
1042 3806 1141 3871 secuti
1170 3808 1246 3871 sunt
1269 3809 1398 3889 praeter

273 3941 371 3983 unum
396 3916 638 3996 Baehrensinm‚
663 3917 689 3980 is
714 3939 816 4003 nuper
839 3919 919 3998 false
942 3913 1053 3981 edidit.
1093 3913 1182 3991 Quod
1205 3937 1400 4000 quamquam

271 4049 329 4092 nos
367 4049 432 4092 non
465 4026 551 4112 fugit
580 4025 810 4092 Baehrensium
843 4047 901 4110 per
935 4023 1037 4088 iocum
1068 4023 1188 4090 dictum
1216 4047 1282 4092 esse
1310 4025 1412 4104 vella.

278 4138 386 4200 tamen
410 4135 461 4200 vel
484 4135 528 4201 sic
552 4133 706 4220 frigidum
729 4155 786 4198 nec
809 4133 887 4199 sctis
911 4131 1069 4197 urbanum
1093 4132 1229 4198 videtur.
1265 4131 1403 4198 Tantam

271 4242 356 4308 enim
395 4245 429 4308 et
466 4247 534 4308 tam
573 4240 742 4307 iucundam
782 4240 1037 4307 familiaritatem
1077 4239 1163 4305 inter
1200 4239 1333 4306 Calvum
1368 4244 1401 4304 et
