3240 4938
783 351 824 417 67

241 539 275 602 in
304 537 436 601 alterius
465 556 573 600 versus
601 532 695 598 initio
726 532 815 597 nulla
842 531 1004 616 particula
1033 553 1104 595 cum
1133 529 1189 594 illo
1220 530 1365 614 quicquid

242 645 384 710 iunctum
420 641 579 708 offendere
614 661 678 706 non
712 639 834 723 poterit
868 661 941 704 eum
976 639 1032 722 qui
1066 638 1239 704 contulerit
1268 637 1363 721 Prop.

242 751 431 831 14,23.24:

403 861 512 924 Nullas
533 862 589 923 ura
611 862 675 922 suis
699 865 867 923 contemnet
889 857 1007 937 {letibus
1030 876 1117 934 aras,

457 969 499 1031 Et
522 971 702 1050 quicumque
725 987 825 1042 sacer,
850 967 961 1047 quatis,
985 967 1106 1048 abiam,
1131 967 1222 1047 lapis.

244 1074 351 1158 Atque
381 1072 501 1139 Datami
529 1073 723 1156 scripturam
752 1075 888 1156 quidem,
924 1093 1006 1156 quae
1038 1075 1141 1136 metro
1170 1071 1250 1137 satis
1277 1072 1366 1149 facit,

244 1203 370 1247 sensum
401 1204 464 1245 nou
496 1181 640 1265 praebet,
670 1202 739 1244 cum
768 1180 826 1246 illa
850 1182 954 1246 altera
979 1183 1060 1264 quod
1084 1180 1223 1244 numeris
1246 1185 1365 1259 careat,

244 1291 283 1354 ad
321 1290 515 1354 senteutiam
548 1293 623 1373 apte
662 1292 820 1374 congruat
858 1309 929 1352 oum
964 1289 1169 1371 sequentibus
1203 1290 1273 1372 ptus
1307 1310 1367 1352 uuo

244 1409 367 1462 moueat
389 1421 522 1481 perenne
545 1401 657 1474 saeclo,
683 1420 702 1460 a
725 1400 902 1460 correctore
927 1397 1059 1462 metrico
1083 1395 1192 1460 fictam
1216 1417 1368 1462 essenon

243 1505 498 1589 improbabiliter
521 1505 637 1588 aliquis
666 1506 853 1587 suspicetur.
892 1504 997 1581 Quare
1026 1526 1065 1567 ex
1095 1503 1255 1585 scriptura
1287 1505 1368 1584 quod

243 1615 272 1678 ei
307 1613 568 1696 proficiscendum
604 1613 681 1691 erit,
717 1614 773 1695 qui
808 1613 891 1677 hunc
924 1612 1029 1677 locum
1064 1632 1179 1676 sanare
1207 1609 1367 1693 suscipiet.

245 1720 355 1804 Neque
380 1727 438 1797 est,
467 1744 523 1786 cur
547 1721 584 1784 de
609 1721 678 1803 ipso
701 1721 758 1785 illo
783 1724 865 1803 qarod
887 1721 1069 1796 dubitetur;
1101 1739 1225 1784 versum
1250 1722 1369 1796 autem,

245 1848 338 1910 quern
363 1853 428 1893 una
457 1828 565 1894 deficit
594 1828 737 1912 syllaba,
768 1827 845 1892 Itali
868 1828 1029 1912 particula
1053 1849 1071 1891 o
1096 1826 1217 1891 inserta
1241 1825 1369 1907 explere

245 1937 454 2001 studuerunt:

735 2051 826 2131 quod,
852 2069 869 2110 o
891 2055 1028 2129 patrona
1051 2048 1149 2128 uiroc,

408 2157 481 2219 Plus
505 2177 565 2219 uuo
589 2166 712 2220 rrroueut
734 2178 868 2238 pererras
890 2157 1002 2220 soecto.

245 2261 332 2338 Quae
366 2263 487 2328 medela
518 2264 597 2327 satis
626 2262 729 2328 facilis
752 2263 899 2347 quamvis
930 2263 1014 2329 baud
1036 2262 1147 2346 paucis
1171 2262 1254 2326 sicut
1279 2263 1369 2327 nobis

246 2372 337 2437 valde
372 2372 526 2448 arriserit,
562 2376 669 2437 tamen
705 2376 807 2437 restat
842 2373 1018 2453 dubitatio,
1054 2395 1095 2437 an
1125 2393 1231 2436 veram
1255 2375 1369 2455 poetae

247 2503 373 2545 manum
398 2482 597 2563 assequatur.
633 2479 720 2554 Quae
742 2481 827 2544 enim
852 2484 900 2545 est
916 2481 983 2559 illa,
1009 2502 1104 2564 quam
1122 2484 1217 2562 poeta
1233 2480 1373 2555 invocat,

245 2598 381 2670 patrona
416 2588 525 2669 sirpo?
583 2585 647 2650 Vix
681 2587 813 2651 dubium
848 2588 991 2666 videtur,
1027 2588 1105 2671 quin
1141 2587 1239 2650 aliam
1275 2590 1373 2670 atque

247 2717 368 2760 musam
393 2694 453 2758 hoc
477 2695 544 2758 loco
568 2694 612 2759 sic
636 2694 799 2777 appellare
825 2717 886 2760 nou
903 2697 1062 2779 potuerit;
1086 2699 1119 2759 et
1136 2698 1244 2759 tamen
1261 2688 1387 2777 appel-'

247 2802 326 2868 latio
349 2803 406 2867 illa
430 2824 493 2867 non
518 2801 653 2866 dilucide
676 2802 768 2866 nobis
792 2802 964 2888 significat,
981 2804 1035 2868 sed
1050 2803 1158 2887 potius
1174 2801 1266 2866 nobis
1291 2801 1372 2866 divi-

245 2915 383 2978 nandum
416 2909 607 2986 committit,
644 2933 739 2995 quam
771 2911 825 2975 ille
854 2921 1019 2993 patronam
1049 2917 1196 2993 cirpiacm
1232 2911 1369 2976 invocet.

246 3020 307 3104 Hic
332 3043 404 3085 vero
428 3021 594 3103 scrupulus
619 3021 693 3083 talis
719 3025 776 3095 est,
801 3023 837 3082 ut
862 3020 1076 3102 corruptelam
1099 3021 1200 3083 latere
1218 3019 1371 3103 suspicari

247 3128 353 3210 potius
386 3149 481 3210 quam
511 3127 673 3192 affirmare
704 3126 808 3189 liceat.
857 3126 962 3203 Quare
988 3149 1046 3191 nos
1070 3127 1108 3190 de
1133 3127 1273 3192 virorum
1298 3129 1372 3194 doc-

181 3217 183 3220 *
248 3237 353 3298 torum
378 3227 568 3298 odniecturis
599 3233 751 3298 disserere
779 3239 836 3298 aut
865 3235 1125 3317 unamaliquam
1151 3255 1260 3300 earum
1284 3257 1372 3300 com-

250 3342 400 3406 mendare
425 3342 672 3424 supersedemus.

338 3449 414 3526 99,8

410 3561 509 3621 Grattis
532 3559 683 3622 abstersi
706 3561 843 3623 omnibus
868 3564 1015 3624 articulis.

339 3667 474 3730 abstersi
507 3666 542 3730 in
576 3665 723 3731 omnibus
757 3666 849 3732 libris
882 3672 1049 3734 exaratum
1085 3672 1134 3731 est
1168 3669 1297 3748 praeter
1332 3666 1371 3743 0,

247 3774 302 3857 qui
332 3795 413 3838 unus
441 3776 584 3838 abstersti
618 3775 765 3858 praebet;
795 3774 880 3840 Det
905 3775 990 3843 Ricc.
1015 3781 1048 3840 et
1072 3799 1091 3839 a
1115 3773 1240 3838 inverso
1261 3773 1371 3838 ordine

248 3883 379 3944 abstersi
407 3887 500 3962 puttis
528 3881 690 3947 exhibent.
743 3881 810 3947 Iam
839 3885 864 3950 si
893 3886 1085 3968 scripturam
1116 3883 1246 3946 abstersi
1270 3883 1371 3965 respi-

247 3989 361 4068 cimus,
399 3988 479 4053 illud
509 3987 679 4052 verisimile
711 3989 837 4055 videtur
866 3989 1043 4056 breviorem
1067 3990 1203 4055 formam
1228 3991 1371 4054 abstersti

249 4120 268 4161 a
291 4095 420 4163 Catullo
444 4095 597 4180 scriptam
621 4117 702 4171 esse3
726 4097 905 4174 abstersisti,
929 4097 1014 4179 quod
1029 4096 1244 4163 Baehreusius
1259 4117 1370 4161 verum

248 4205 353 4284 putat,
383 4203 487 4268 minus
510 4201 677 4286 probabile
700 4205 758 4268 est.
794 4201 905 4267 Solent
929 4204 1012 4269 enim
1038 4205 1162 4271 librarii
1186 4203 1370 4267 usitatiores

249 4310 366 4374 formas
389 4311 495 4394 potius
519 4331 671 4394 reponere
695 4333 752 4394 pro
777 4311 881 4376 minus
905 4310 1033 4378 usitatis
1057 4333 1153 4394 quam
1178 4309 1245 4374 vice
1269 4331 1367 4374 versa.

1176 4399 1210 4449 ᾖ*
