3240 4938
777 321 820 387 76

239 501 379 580 vocavis,
415 521 609 586 quamquam
639 523 711 566 eum
741 502 818 568 loeis
853 502 1016 566 nonnullis
1051 503 1181 568 nimiam
1210 503 1238 567 ei
1268 503 1361 568 iidem

240 607 389 674 iribuisse
412 608 632 676 concessimus.

329 715 398 781 lam
423 721 529 783 sutem
553 720 591 782 ut
611 739 766 784 summam
784 717 938 783 faciamus
954 738 1062 782 eorum
1080 739 1162 800 quae
1179 718 1281 782 tribus
1298 718 1362 782 dis-

239 824 417 911 putationis
435 828 564 893 nostrae
580 825 727 910 partibus
745 825 958 909 exposuimus,
976 825 1009 891 in
1026 825 1225 890 recensendis
1241 824 1363 891 Catulli

239 932 434 1000 carminibus
457 934 534 1000 libri
564 956 582 998 a
607 931 812 999 Lachmanno
842 931 981 998 adhibiti
1009 932 1164 1000 sbioiendi
1188 954 1252 997 non
1276 937 1360 1010 sunt,

239 1041 292 1107 sed
317 1043 361 1107 eis
384 1040 520 1108 addendi
543 1041 684 1108 codicum
703 1040 960 1107 Oauulliauorum
984 1039 1072 1103 nullo
1095 1038 1304 1106 inferioresG
1329 1043 1361 1104 et

239 1145 282 1226 0;
311 1171 375 1233 qua
400 1171 434 1214 re
457 1152 632 1235 apparatus
664 1147 791 1234 quidem
815 1146 946 1213 criticus
968 1153 1121 1234 augetur,
1150 1148 1203 1213 sed
1227 1171 1246 1212 a
1268 1151 1360 1212 textu

238 1278 332 1340 quem
368 1257 592 1324 Lachmannus
627 1256 798 1324 constituit
831 1277 906 1320 raro
940 1255 1149 1320 recedendum
1185 1262 1249 1335 est,
1290 1278 1360 1320 oum

236 1386 345 1430 omnes
362 1364 483 1432 Catulli
507 1366 684 1432 earmiuum
708 1362 830 1429 codices
853 1384 892 1426 ex
908 1362 1017 1428 eodem
1033 1363 1209 1448 archetypo
1226 1365 1362 1430 derivati

237 1495 301 1539 uon
325 1472 494 1540 admodum
518 1475 614 1560 longe
637 1472 772 1537 intense
796 1469 918 1535 distent
942 1472 975 1535 ei
997 1469 1148 1555 plurima,
1172 1493 1253 1555 quae
1277 1471 1305 1537 G
1329 1477 1361 1537 et

239 1580 365 1646 Onovu
389 1587 422 1646 et
445 1581 529 1646 bona
553 1579 737 1658 exhibeant,
761 1580 824 1644 iam
849 1581 945 1642 antea
968 1577 1127 1643 Italorum
1151 1581 1201 1646 vel
1226 1580 1359 1645 aliorum

238 1689 378 1754 virorum
409 1688 573 1754 doctorum
604 1687 794 1754 coniecturis
823 1687 955 1752 inventa
981 1685 1112 1752 inerint.
1161 1687 1360 1771 Quamquam

238 1797 340 1884 igitur
355 1795 580 1863 Laohmauuus
604 1796 739 1882 siugulis
762 1794 953 1879 quibusdam
975 1794 1054 1859 loeis
1077 1798 1146 1858 tum
1170 1794 1252 1878 quod
1275 1793 1361 1860 eodi-

238 1927 309 1971 oum
333 1904 361 1971 G
385 1904 469 1970 eto
499 1924 559 1988 ope
583 1905 758 1970 destitutus
782 1906 868 1982 erat,
898 1906 970 1968 tum
992 1902 1076 1986 quod
1099 1902 1229 1968 Datano
1252 1902 1361 1986 paullo

238 2013 393 2079 maiorem
424 2034 521 2098 qnam
543 2033 603 2095 par
626 2014 696 2077 erat
719 2010 816 2077 fidem
840 2011 1018 2088 tribuebat,
1048 2034 1067 2075 a
1091 2031 1165 2075 vero
1189 2009 1359 2088 aberravit,

241 2121 453 2187 fundamenta
488 2123 594 2185 tamen
630 2141 712 2202 quae
745 2120 801 2185 ille
841 2118 915 2185 ieeid
947 2117 1050 2184 adhue
1083 2121 1169 2182 stare
1204 2116 1361 2181 confiden-

236 2228 311 2294 dum
336 2232 394 2295 est.
