3240 4938
762 331 804 397 65

223 519 325 594 catur‚·
360 519 446 580 certe
479 535 518 577 ex
551 514 660 578 eodem
695 514 783 577 fonte
812 534 884 578 eam
912 511 946 577 in
973 512 1113 576 diversos
1142 511 1215 577 illos
1245 512 1344 579 libros

223 625 401 708 pervenisse
423 622 617 706 putabimus.
664 621 732 686 Iam
757 623 866 686 autem
889 624 1072 704 fescennino
1095 619 1173 684 inB
1196 619 1345 700 habetur,

223 733 304 796 latet
328 730 414 796 haud
437 727 531 794 dubie
555 729 614 792 sub
630 726 744 795 codicis
761 728 788 794 Ο
804 732 995 810 fescennino,
1019 731 1192 812 utrumque
1208 727 1347 796 codicem

222 839 338 905 scimus
366 861 430 903 non
459 859 498 902 ex
522 835 549 900 G
576 838 719 919 fluxisse,
746 838 812 923 ipse
836 835 864 901 G
887 841 1066 920 fasearrnino
1091 836 1236 902 exhibet:
1269 833 1346 921 quid

1134 955 1144 982 G

223 999 324 1083 igitur
359 1004 460 1064 restat
488 1021 584 1083 quarn
613 1004 650 1062 ut
677 1002 860 1080 fescennino
889 1000 955 1064 sive
984 999 1085 1066 mavis
1108 1003 1347 1081 fescenninum

224 1105 254 1169 V
269 1106 426 1189 scriptum
442 1106 538 1172 fuisse
551 1111 648 1190 atque
663 1129 702 1170 ex
718 1106 778 1172 hoc
794 1107 828 1171 in
845 1105 873 1170 D
890 1107 1070 1173 derivatum
1086 1086 1152 1172 esse
1168 1109 1348 1191 ponamus?

315 1231 458 1315 Denique
483 1231 545 1296 huo
569 1232 671 1298 refero
695 1231 815 1297 libriD
840 1233 1032 1316 scripturam
1056 1237 1223 1299 auctuario
1238 1232 1346 1313 caol.

225 1339 359 1405 Prorsus
388 1339 474 1418 enim
502 1339 639 1405 eiusdem
668 1341 795 1427 generis
823 1346 872 1404 est
896 1339 1010 1406 codicis
1034 1338 1061 1404 Ο
1084 1343 1214 1406 nonaria
1238 1340 1347 1421 ocul,

224 1447 279 1510 ubi
295 1445 507 1537 Baehrensius
523 1453 734 1514 Rhamnensiu
756 1451 789 1512 in
813 1450 905 1512 textu
923 1449 1044 1530 posuit3
1062 1447 1101 1514 cf.
1127 1470 1261 1532 eaquae
1277 1447 1351 1514 Rit-

223 1553 359 1619 schelius
384 1553 542 1639 congessit
565 1554 660 1636 proll.
685 1556 725 1621 ad
749 1555 836 1621 Trin.
862 1577 892 1638 p.
922 1556 994 1624 103.

313 1680 449 1762 Reliqua
473 1682 582 1744 autem
605 1702 688 1764 quae
711 1684 823 1748 insunt
846 1684 878 1747 in
903 1681 932 1746 D
956 1682 1145 1766 antiquioris
1169 1683 1348 1767 scripturae

224 1789 359 1874 vestigia
399 1796 543 1871 quaeque
580 1787 711 1854 Ellisius
750 1812 782 1873 p.
821 1788 914 1856 XXX
952 1789 1124 1878 diligenter
1162 1792 1350 1875 composuit,

224 1895 344 1979 partim
374 1898 408 1961 in
436 1897 497 1961 hae
531 1898 717 1979 quaestione
753 1898 834 1963 nihil
869 1899 988 1977 valent,
1024 1900 1100 1982 quia
1133 1899 1232 1965 etiam
1259 1900 1293 1963 in
1323 1896 1351 1961 G

225 2009 354 2084 extant,
390 2007 510 2089 partim
534 2007 582 2074 ita
606 2012 681 2071 sunt
709 2011 910 2090 comparata,
941 2012 978 2072 ut
1006 2030 1093 2074 mero
1124 2009 1224 2074 errori
1252 2008 1352 2075 tribui

224 2115 358 2200 possint.
405 2113 509 2190 Quare
539 2116 616 2182 haec
645 2139 726 2200 quae
755 2117 858 2182 adhuc
889 2119 1118 2204 descriptoris
1142 2115 1352 2201 priscispro·

227 2223 360 2289 tulimus
385 2223 558 2288 sufficiant.

313 2350 380 2417 Iam
405 2373 475 2417 curn
507 2353 600 2418 fidem
625 2353 707 2418 libro
732 2351 760 2415 D
784 2353 934 2440 denegari
959 2364 1024 2419 non
1048 2376 1138 2438 posse
1162 2354 1348 2436 probareri-

223 2481 308 2536 mus,
345 2460 426 2524 illud
460 2459 697 2544 disquirendum
733 2466 795 2539 est,
835 2485 913 2527 num
952 2482 1086 2545 usquam
1123 2460 1350 2526 Lachmannus

224 2567 357 2631 nimium
392 2566 441 2632 vel
477 2589 592 2650 parurn
628 2567 701 2632 fidei
729 2567 758 2632 ei
787 2569 947 2633 tribuerit.
1007 2567 1079 2633 Uno
1108 2571 1194 2647 loce,
1224 2569 1262 2635 de
1290 2591 1353 2653 quo

224 2695 321 2756 supra
355 2674 419 2740 iam
455 2675 578 2760 egimus
606 2697 636 2758 p.
662 2675 726 2754 60,
760 2676 878 2742 iniuria
908 2697 980 2741 eum
1005 2675 1126 2742 Datani
1157 2676 1348 2762 scripturam

225 2781 367 2848 reiecisse
390 2782 541 2860 vidimus3
566 2781 751 2861 97,5renim
774 2783 976 2850 scribendum
994 2782 1177 2850 videbatur:
1201 2788 1300 2850 deuiis
1316 2808 1351 2851 oe

222 2891 452 2972 sesquipedalis.
501 2889 601 2976 Saepe
630 2915 705 2959 sane
737 2891 936 2976 vituperatus
962 2896 1024 2972 est¹
1055 2893 1138 2976 quod
1163 2894 1294 2960 nimiam
1319 2893 1347 2958 ei

222 3000 316 3066 fidem
345 3000 504 3066 habuerit.
553 3001 661 3085 Atque
686 3000 913 3080 Baehrensius‚
942 3001 997 3084 qui
1026 3023 1057 3084 p.
1084 2998 1212 3065 XXVII
1240 3023 1287 3086 sq.
1312 3003 1349 3068 de

223 3105 343 3171 Datani
366 3107 669 3191 interpolationibus
698 3108 855 3192 loquitur,
886 3111 1041 3193 quattuor
1064 3111 1206 3175 locorum
1231 3113 1349 3176 menti·

118 3217 124 3227 ’
222 3237 314 3281 onem
337 3216 425 3293 iacit,
451 3216 565 3299 quibus
590 3215 831 3300 interpolatoris
855 3237 984 3300 operam
1007 3217 1159 3284 illustret.
1207 3219 1348 3296 Quorum

223 3345 240 3388 e
274 3345 405 3389 numero
433 3321 555 3387 duobus
581 3328 683 3403 certe,
720 3324 818 3400 68,46
847 3329 880 3390 et
908 3323 1008 3405 95‚9‚
1040 3349 1097 3392 nec
1126 3326 1349 3395 Lachmannus

223 3451 325 3513 neque
355 3452 428 3495 vero
456 3429 624 3514 quisquam
652 3428 762 3497 doctus
791 3436 920 3499 nostrae
949 3437 1064 3500 aetatis
1094 3433 1216 3501 Datani
1249 3437 1350 3522 scrip-

223 3540 331 3603 turam
355 3539 457 3603 tuitus
481 3543 539 3604 est.
575 3538 623 3604 De
646 3540 743 3606 tertio
768 3544 876 3607 autem
901 3543 969 3608 loco
994 3542 1080 3623 65,9,
1105 3565 1167 3628 quo
1184 3543 1349 3610 Baehren-

221 3643 285 3707 sius
310 3642 550 3728 interpolatoris
573 3668 702 3731 operam
726 3650 880 3736 agnoscit,
907 3650 971 3716 iam
995 3673 1092 3736 supra
1116 3652 1349 3734 disputavimus

223 3753 255 3813 et
279 3749 520 3819 Lachmannum
546 3758 630 3820 recte
647 3754 766 3822 Datani
792 3758 984 3842 scripturam
1008 3766 1045 3822 ut
1061 3780 1168 3824 veram
1185 3762 1218 3824 et
1234 3761 1348 3844 genui·

222 3879 296 3922 nam
322 3857 354 3921 in
380 3862 471 3924 textu
495 3863 636 3944 posuisse
661 3865 851 3930 invenimus.
888 3863 936 3930 De
959 3868 1076 3949 quarto
1099 3887 1201 3949 pauca
1216 3866 1348 3933 dicenda

221 3968 308 4031 sunt.
348 3964 573 4033 Lachmannus
598 3971 682 4035 enim
705 3979 833 4057 poetam
850 3971 1065 4039 Veronensem
1084 3975 1188 4052 Quiriti
1210 3997 1347 4060 praeno·

222 4073 307 4137 mine
343 4074 525 4158 praeditum
561 4076 657 4142 fuisse
692 4080 782 4142 ratus
816 4081 852 4157 0.
889 4083 1001 4145 Valerii
1030 4081 1141 4146 Catulo
1170 4085 1348 4149 Veronensis

223 4179 298 4242 liber
320 4181 490 4248 editionem
516 4205 606 4248 suam
627 4184 858 4250 inscribendam
875 4188 1010 4255 curavit.
1046 4188 1135 4264 Quod
1151 4211 1347 4274 quamquam

222 4283 278 4348 ille
290 4285 364 4350 fecit
380 4290 569 4356 nonDatani
583 4292 680 4357 solius
693 4292 876 4358 testimonio
890 4300 1064 4361 commotus
1078 4297 1130 4359 sed
1142 4297 1240 4361 etiam
1248 4295 1346 4361 Plinii

1151 4399 1167 4438 o
