3240 4938
811 332 852 398 69

267 513 486 598 pentamentri
511 513 684 578 admissum
708 533 774 576 esse
798 533 960 598 negemus,
989 513 1050 576 etsi
1073 513 1223 596 pauciora
1248 515 1393 600 exempla

268 644 366 706 eaque
390 622 497 687 omnia
522 623 604 707 apud
629 643 729 685 unum
745 618 911 684 Catullum
934 623 1058 686 extant.
1098 618 1184 686 Nam
1207 621 1291 705 quod
1307 621 1394 688 facili

181 809 183 814 Ι
267 731 396 816 negotio
427 731 582 820 removeri
612 732 737 812 potest,
773 727 806 792 id
833 727 977 811 profecto
1012 750 1075 794 non
1112 731 1296 816 argumenti
1324 730 1394 795 loco

254 838 383 902 *habere
408 839 493 904 licet.
530 836 701 902 Praeterea
725 858 789 902 uno
812 839 943 900 tantum
966 837 1034 902 loco
1052 837 1127 917 973
1144 837 1272 903 concedi
1286 841 1394 922 potest

266 946 334 1011 sine
363 948 449 1011 omni
478 945 649 1010 offensione
677 968 735 1030 pro
767 957 868 1010 aliam
897 943 993 1008 scribi
1016 955 1170 1023 clrcmce3
1206 950 1247 1010 ml
1271 944 1392 1024 68,158

268 1057 308 1120 ab
332 1054 476 1138 Hauptio
505 1055 662 1119 insertum
689 1052 848 1119 sententia
873 1073 937 1116 non
961 1055 1151 1136 requiritur,
1182 1053 1313 1119 elisione
1336 1053 1394 1120 illa

269 1185 349 1246 quae
374 1166 422 1226 est
450 1163 535 1227 inter
559 1167 600 1226 ml
623 1166 655 1227 et
680 1164 782 1228 omnic
806 1182 869 1225 non
894 1182 970 1224 sane
994 1161 1250 1240 commendatur,
1280 1184 1393 1246 quem-

268 1293 365 1355 quam
400 1271 466 1335 eius
501 1270 627 1354 generis
662 1269 805 1352 exempla
842 1268 926 1352 apud
956 1267 1119 1334 Catullum
1153 1274 1324 1336 occurrunt
1352 1271 1391 1336 cf.

268 1378 390 1463 Haupt.
416 1379 537 1445 observ.
563 1379 633 1444 crit.
657 1402 688 1464 p.
718 1379 757 1442 18
783 1377 869 1462 (opp.
895 1376 910 1439 Ι
933 1399 964 1459 p.
991 1377 1064 1462 90);
1094 1377 1231 1460 denique
1254 1379 1286 1443 id
1310 1380 1392 1463 quod

161 1572 163 1576 .
266 1510 305 1552 ne
329 1486 511 1571 Hauptium
533 1486 661 1570 quidem
684 1486 780 1572 fugit,
811 1487 849 1552 de
872 1489 942 1550 toto
966 1485 1026 1551 hcc
1048 1507 1142 1550 versu
1166 1486 1392 1552 conformando

267 1595 427 1660 dubitatio
462 1615 627 1677 nunquam
661 1595 809 1672 tolletur,
846 1593 908 1658 nisi
943 1616 1015 1658 eum
1044 1615 1185 1672 versum,
1219 1595 1274 1677 qui
1308 1593 1393 1660 hunc

211 1751 219 1762 ,
266 1701 438 1786 praecedit,
450 1703 608 1786 corrigere
619 1707 715 1766 antea
728 1700 900 1787 contigerit
914 1699 966 1786 (cf.
981 1699 1103 1785 Haupt.
1117 1722 1189 1785 opp.
1204 1701 1237 1765 ΙΙ
1249 1724 1280 1785 p.
1299 1701 1392 1788 125);

267 1833 325 1874 nec
355 1810 402 1874 ita
425 1809 601 1893 probabilis
630 1813 679 1874 est
702 1809 893 1886 emendatio,
919 1831 981 1891 qua
1003 1809 1069 1872 iam
1092 1807 1271 1874 Politianus
1295 1809 1392 1890 66,48
1467 1857 1470 1862 -

267 1939 325 2002 pro
357 1917 523 1999 Chalybum
554 1917 681 2001 scripsit
707 1918 878 2001 Chalybon,
914 1938 989 1981 nam
1020 1917 1052 1980 in
1082 1917 1231 2002 genetivo
1254 1916 1389 2001 pluralis

266 2024 487 2089 declinationis
522 2047 604 2107 quae
639 2024 777 2090 habetur
813 2025 928 2090 tertiae
963 2024 1148 2090 terminatio
1177 2020 1298 2087 Graece
1326 2021 1392 2090 fere

266 2153 328 2197 non
359 2131 420 2194 nisi
449 2131 483 2196 in
507 2133 612 2196 titulis
636 2133 792 2198 librorum
816 2135 1001 2217 usurpatur.
1048 2129 1135 2206 Quae
1160 2152 1233 2195 cum
1255 2130 1303 2196 ita
1326 2130 1390 2196 sint

266 2261 369 2324 neque
394 2240 501 2319 66,48.
534 2239 664 2320 68,158.
701 2242 775 2320 972
800 2241 956 2306 traditam
979 2239 1173 2322 scripturam
1196 2231 1392 2305 mutabimrls

265 2370 367 2432 neque
391 2339 469 2428 erit,
493 2371 558 2414 ¹cur
588 2349 686 2429 76,10
710 2355 742 2415 et
767 2350 852 2433 99,8,
877 2349 992 2433 quibus
1026 2346 1104 2434 locis
1139 2347 1214 2413 libri
1244 2347 1330 2413 inter
1359 2371 1392 2418 se

265 2455 468 2536 dissentiunt,
493 2479 562 2524 eam
587 2459 781 2542 scripturam
796 2457 1014 2539 praeferamus
1031 2477 1095 2539 qua
1111 2455 1219 2520 hiatus
1236 2457 1390 2535 evitetur,

266 2563 318 2627 sed
348 2566 454 2648 potius
485 2565 622 2631 alteram
651 2565 743 2630 illam
771 2567 907 2648 utroque
937 2565 1006 2628 loco
1034 2584 1142 2628 reram
1172 2584 1238 2628 esse
1261 2564 1391 2648 putabi-

265 2693 352 2751 mus;
388 2673 420 2736 in
450 2672 480 2736 D
510 2677 631 2752 autem,
663 2673 751 2738 cuius
781 2693 820 2736 ex
850 2673 1020 2738 verbomm
1044 2671 1154 2736 ordine
1177 2669 1304 2736 hiatum
1328 2693 1389 2737 nou

266 2779 430 2860 habemur,
454 2781 551 2846 verba
575 2781 684 2846 hiatus
708 2779 891 2845 removendi
914 2803 1010 2846 causa
1033 2780 1231 2863 transposita
1255 2800 1331 2845 esse.

355 2889 450 2969 107,1

425 3000 460 3062 Sl
483 3001 678 3082 quicquam
705 3000 816 3079 copldc
839 3001 1018 3080 cplcallqae
1041 3000 1146 3080 obllqll
1169 3017 1322 3079 umquam.

355 3104 416 3170 Pro
451 3106 507 3170 illo
542 3110 714 3188 quicquam,
740 3104 823 3188 quod
859 3107 893 3169 in
921 3104 951 3168 D
981 3104 1138 3170 traditum
1161 3101 1390 3170 Lachmannus

265 3233 374 3277 verum
403 3212 555 3296 putabat,
585 3212 701 3296 reliqui
729 3215 859 3277 tantum
887 3235 951 3278 non
981 3234 1088 3278 omnes
1118 3210 1272 3276 exhibent
1300 3216 1390 3296 quic-

266 3324 348 3405 quid.
373 3318 484 3402 Neque
507 3340 582 3384 vero
605 3319 666 3384 hoc
690 3320 758 3384 loco
782 3329 894 3405 aptum
918 3322 1044 3388 videtur
1066 3326 1094 3386 cl
1117 3323 1291 3403 quicquam,
1319 3341 1390 3386 curn

265 3429 391 3494 dativus
415 3432 464 3491 cal
488 3427 594 3511 potius
618 3428 810 3510 requiratur.
847 3427 884 3493 Id
908 3431 995 3494 recte
1018 3426 1116 3492 sensit
1139 3424 1334 3494 Ribbeckius
1358 3433 1392 3494 et

266 3537 431 3604 Catullum
453 3539 481 3600 sl
503 3539 575 3618 quoi
591 3539 665 3620 pald
680 3534 841 3619 scripsisse
857 3536 1001 3614 coniecit,
1026 3556 1122 3618 quarn
1138 3533 1391 3602 emendationem

265 3646 373 3731 aliqua
410 3666 450 3709 ex
483 3647 578 3729 parte
612 3647 722 3708 tuetur
752 3643 867 3710 codicis
897 3643 923 3710 O
953 3644 1112 3726 scriptura
1147 3645 1175 3706 sl
1202 3645 1276 3726 qaid
1307 3648 1390 3728 quid.

267 3755 352 3820 Illud
377 3760 539 3840 quicquum
563 3756 669 3817 autem
694 3750 788 3816 facile
812 3776 831 3817 a
854 3752 987 3818 librario
1011 3751 1088 3818 oriri
1111 3753 1254 3835 poterat,
1283 3752 1334 3818 cui
1357 3752 1390 3817 in

267 3861 420 3927 memoria
444 3865 537 3926 erant
559 3861 699 3926 carmina
725 3860 767 3925 96
792 3865 824 3925 et
850 3861 923 3939 102,
953 3881 1034 3946 quae
1059 3860 1098 3925 ab
1122 3860 1293 3926 enunciata
1314 3881 1391 3928 con-

267 3968 417 4036 dicionali
442 3967 590 4033 similiter
614 3967 811 4034 contbrmato
835 3969 1006 4054 incipiunt.

357 4075 451 4157 108,1

434 4186 485 4249 Slc
508 4187 621 4250 bomini
643 4187 810 4270 populari
829 4188 962 4264 ,arbitrio
987 4195 1040 4250 luc
1065 4207 1145 4252 conc
1168 4195 1316 4264 seneclus,
