3240 4938
793 309 834 374 18

251 491 369 557 sionem
404 489 637 558 restituendam
670 511 773 574 neque
808 488 944 573 denique
978 488 1106 554 omnino
1142 489 1268 553 ridetur
1296 509 1372 564 esse,

250 625 307 669 cur
345 601 445 666 talem
478 599 713 684 responsionem
747 596 845 664 fuisse
868 616 1060 662 censeamus.
1113 593 1253 674 Accedit,
1289 599 1373 681 quod

249 708 458 796 perticipium
492 715 687 790 prosternens
715 703 794 771 setis
823 703 911 770 facili
941 725 1048 769 errore
1076 702 1251 769 alibrario
1278 705 1374 771 scribi

250 822 379 903 poterat
412 815 523 900 paullo
558 813 766 879 antecedente
799 811 971 897 participio
998 833 1214 896 praecerpens.
1268 813 1373 890 Quare

250 934 424 1009 prosternet
447 947 466 989 e
490 921 697 988 Lachmanuo
721 924 807 986 recte
831 921 1013 1005 praelatum
1038 942 1104 986 esse
1129 922 1334 991 arbitramur.

340 1032 437 1112 44,11

414 1141 590 1204 Orationem
613 1141 819 1203 minantium
842 1141 1019 1220 petitorum

412 1250 538 1314 Plenam
559 1252 667 1312 aeneai
689 1257 717 1311 et
738 1249 930 1329 pestilentiae
954 1249 1020 1328 lepi.

340 1353 432 1420 Prior
468 1377 576 1421 versus
611 1354 811 1419 Lachmanni
843 1353 933 1417 libris
962 1352 1006 1417 sic
1034 1352 1189 1436 traditur,
1225 1355 1274 1418 uti
1301 1377 1373 1420 eum

251 1462 415 1546 adscripsi.
462 1461 551 1526 Idem
581 1461 667 1530 inG
696 1485 715 1526 a
744 1463 921 1527 correctore
945 1461 1091 1526 effectum
1117 1467 1166 1527 est
1190 1485 1229 1528 ex
1251 1465 1373 1547 primae
1398 1529 1400 1534 .

251 1593 364 1637 manus
388 1571 562 1656 scripturas

414 1679 560 1744 Oratione
583 1681 761 1743 minantium
781 1683 950 1760 petitorem.

251 1785 398 1872 Apparet
426 1789 534 1852 autem
562 1787 646 1855 hano
675 1784 882 1869 scripturam,
911 1807 992 1868 quae
1020 1785 1129 1850 eadem
1158 1786 1190 1850 in
1215 1786 1242 1852 Ο
1272 1791 1373 1866 extat,

251 1895 395 1980 proxime
412 1895 452 1961 ed
467 1918 578 1962 verum
594 1895 756 1960 accedere:
782 1893 950 1959 dummodo
965 1895 1062 1959 verba
1078 1899 1164 1960 recte
1181 1895 1374 1976 distinxeris,

251 2004 284 2069 id
308 2004 390 2088 quod
413 2005 478 2070 iam
501 2003 579 2068 Itali
603 2003 757 2081 feceruut,
782 2024 892 2067 verum
915 2003 1031 2068 habes:

414 2116 591 2178 Orationem
612 2115 644 2176 in
669 2112 792 2176 Antium
814 2116 983 2194 petitorem.

251 2221 366 2286 Altera
401 2225 509 2285 autem
544 2218 602 2283 ille
637 2220 709 2283 orta
743 2223 792 2284 est
826 2219 1000 2284 alibrario
1029 2220 1181 2303 quodam,
1217 2221 1272 2303 qui
1301 2242 1373 2285 cum

251 2329 446 2394 sententiam
481 2325 650 2390 restituere
679 2329 849 2391 conaretur
883 2329 916 2390 et
944 2327 1139 2392 sententiam
1168 2331 1201 2392 et
1233 2331 1373 2392 metrum

249 2438 347 2522 plene
370 2431 593 2520 pessumdedit.

339 2543 440 2625 45,10

410 2654 457 2717 At
479 2652 587 2715 Acme
610 2653 716 2717 leuiter
739 2658 834 2733 capot
856 2649 1022 2732 reflectens.
1237 2717 1239 2722 ,

339 2755 538 2824 Lachmanni
553 2758 629 2823 libri
645 2759 800 2824 exhibent
815 2760 857 2822 od
872 2761 952 2822 tono
967 2779 1023 2834 me,
1048 2754 1081 2818 iu
1098 2754 1126 2820 G
1142 2761 1308 2823 exaratum
1325 2763 1373 2822 est

250 2870 292 2931 od
314 2866 374 2931 laic
396 2888 453 2944 me,
478 2865 532 2931 sed
556 2864 681 2950 virgula
704 2864 762 2929 illa
786 2868 823 2928 ut
843 2863 1038 2929 Baehrensio
1063 2865 1164 2930 visum
1189 2869 1237 2930 est
1261 2890 1280 2931 a
1302 2887 1372 2932 cor·

249 2980 371 3041 rectore
395 2974 515 3054 addita,
540 2972 568 3039 0
591 2974 725 3058 praebet
749 2976 791 3038 od
813 2975 873 3038 tae
894 2994 951 3038 me.

340 3081 416 3165 62,8

410 3193 462 3256 Sic
485 3199 629 3256 certast:
652 3192 742 3256 uiden
765 3197 798 3252 at
816 3192 983 3272 perniciter
1004 3193 1161 3256 exiluere?

337 3298 535 3364 Lachmanni
558 3298 634 3363 libri
657 3298 809 3363 exhibent
832 3308 928 3377 certe,
958 3299 1042 3364 idem
1065 3299 1100 3365 in
1128 3297 1156 3364 (i
1185 3304 1290 3381 extat,
1320 3302 1374 3367 sed

246 3411 320 3492 post
349 3427 456 3472 vocem
486 3415 566 3471 certe
594 3405 674 3471 duae
702 3405 833 3471 litterae
862 3428 970 3472 erasae
998 3413 1083 3474 sunt.
1140 3406 1326 3475 Schwabius
1355 3435 1374 3476 a

246 3515 351 3599 prima
380 3537 479 3579 manu
507 3523 615 3580 certest
638 3515 793 3598 scriptum
818 3535 884 3579 esse
908 3517 1061 3599 putabat,
1097 3517 1148 3581 sed
1173 3519 1373 3599 cumprime

246 3622 361 3688 codicis
385 3620 413 3686 G
436 3644 550 3687 manus
581 3644 705 3708 semper
734 3622 799 3686 fere
823 3645 895 3688 curn
919 3621 1085 3707 scripturis
1109 3623 1222 3688 codicis
1246 3621 1274 3689 Ο
1297 3646 1372 3688 con-

246 3731 382 3809 sentiat,
414 3740 494 3795 certe
524 3735 565 3809 si,
595 3731 679 3815 quod
707 3731 738 3794 in
768 3729 795 3797 Ο
824 3735 992 3797 exaratum
1022 3734 1085 3809 est,
1119 3732 1151 3796 iu
1177 3729 1205 3795 G
1229 3731 1372 3796 extitisse

246 3861 346 3923 paene
368 3843 492 3903 certum
515 3844 574 3906 est.
614 3841 736 3906 Rursus
758 3840 861 3926 igitur
883 3841 1044 3924 scriptura
1067 3839 1208 3904 codicum
1234 3839 1263 3904 D
1288 3844 1320 3903 et
1335 3838 1372 3916 L,

245 3967 340 4030 quam
365 3946 496 4012 eandem
521 3956 680 4016 corrector
703 3948 782 4014 inii
807 3949 930 4024 intulit,
954 3948 1144 4033 integritate
1166 3949 1261 4032 longe
1280 3967 1372 4030 supe-

244 4058 336 4119 ratur
365 4077 385 4120 a
412 4054 518 4121 codice
547 4053 631 4121 Oet
661 4055 808 4139 aprima
839 4079 936 4122 manu
961 4055 1075 4119 codicis
1100 4055 1143 4133 (ἃς
1179 4055 1300 4121 accedit
1325 4054 1373 4120 his

244 4165 411 4247 praeterea
440 4164 473 4227 in
501 4164 562 4229 hoc
592 4164 731 4229 carmine
754 4163 942 4243 Thuaneus‚
971 4163 1027 4246 qui
1058 4163 1166 4228 eadem
1191 4168 1287 4246 atque
1313 4161 1373 4243 illi,

242 4271 296 4337 sed
321 4271 418 4337 aliter
441 4272 593 4337 distincta
620 4277 717 4336 siccer
739 4283 783 4338 tes
807 4277 818 4336 i
840 4273 981 4338 exbibet.
