3240 4938
797 327 839 392 52

251 507 405 576 removeri
434 508 554 594 possit:
583 507 610 571 is
633 506 734 594 igitur
761 506 848 574 inv.
877 508 972 586 1003
996 506 1126 572 exhibet
1151 506 1233 572 idem
1258 505 1371 570 vitium

251 621 349 702 atque
364 615 407 683 0:
430 620 689 694 treroueucium,
706 637 777 680 cum
793 616 827 679 in
845 612 873 680 G
890 617 976 681 recte
999 636 1200 681 veronensem
1215 612 1371 698 scriptum

252 725 304 789 sit.
339 723 401 800 Qui
423 723 522 790 mirus
545 720 676 788 interO
700 721 775 786 etL
799 745 970 788 consensus
995 723 1149 806 explicari
1172 744 1233 787 non
1258 725 1375 807 potest,

251 833 278 897 si
301 833 327 898 L
351 853 389 902 ex
413 828 441 896 G
464 831 592 897 fluxisse
623 831 791 916 poninrus3
820 832 1001 915 ponendum
1025 833 1074 894 est
1098 833 1318 896 trecanensium
1344 828 1378 892 in

252 937 283 1003 V
306 939 450 1005 extitisse
474 943 571 1023 atque
596 939 670 1004 inde
695 942 763 1003 turn
789 938 820 1002 in
845 937 873 1003 0
897 943 967 1003 tum
990 937 1066 1003 inL
1088 938 1279 1023 pervenisse.
1317 935 1379 1001 Sed

251 1048 289 1112 dc
306 1045 345 1127 D,
368 1046 424 1131 qui
440 1047 521 1112 liber
539 1069 557 1111 a
574 1044 781 1112 Lachmanno
798 1048 900 1112 multo
916 1047 1018 1131 pluris
1033 1069 1129 1131 quam
1146 1045 1171 1109 L
1188 1045 1377 1110 aestimatur

252 1158 311 1234 est,
337 1178 356 1220 a
380 1154 552 1221 novissimo
575 1154 696 1219 editore
714 1153 909 1220 Baehrensio
924 1155 1066 1220 omnium
1083 1154 1205 1220 Catulli
1222 1153 1377 1218 librorum

251 1263 406 1348 pessimus
430 1262 635 1346 perhibetur,
664 1283 780 1345 operae
802 1263 945 1347 pretium
968 1265 1031 1328 erit
1054 1261 1234 1330 accuratius
1258 1258 1378 1343 disqui-

252 1391 331 1435 rere.
380 1369 424 1435 Et
452 1391 664 1454 quamquam,
695 1372 732 1434 ut
762 1370 802 1435 ab
830 1371 977 1437 omnibus
1001 1392 1183 1438 concessum
1208 1370 1266 1446 cst,
1291 1366 1335 1431 sic
1358 1389 1378 1430 a

252 1479 342 1544 nobis
371 1498 497 1563 quoque
526 1477 711 1542 conceditur
739 1478 780 1543 ab
809 1477 1112 1562 interpolationibus
1141 1498 1212 1543 cum
1240 1475 1377 1539 liberum

251 1608 314 1652 non
339 1605 415 1667 esse,
441 1589 549 1651 tamen
573 1606 676 1668 neque
700 1609 719 1651 a
743 1585 848 1650 codice
871 1587 1052 1651 accuratius
1067 1584 1293 1672 perlustrando
1317 1581 1378 1646 hac

251 1715 286 1758 re
316 1692 471 1759 deterreri
500 1693 664 1772 debanna,
694 1715 766 1758 cum
794 1714 833 1757 ne
861 1696 983 1759 ceteros
1011 1695 1140 1778 quidem
1168 1692 1267 1757 libros
1290 1690 1378 1754 omni

252 1801 457 1868 librariorum
482 1818 579 1882 opera
601 1801 758 1866 immunes
781 1801 1006 1879 invenerimus,
1037 1838 1078 1849 —
1106 1804 1140 1866 et
1162 1800 1196 1864 in
1220 1797 1258 1878 Ο,
1282 1818 1377 1881 quem

251 1909 407 1993 optimum
432 1906 570 1973 codicem
593 1907 741 1974 nonnulli
765 1907 963 1992 praedicant,
987 1931 1042 1974 sex
1066 1907 1253 1975 offendimus
1277 1907 1379 1970 iuter-

251 2017 445 2101 polationes,
480 2015 595 2099 quibus
624 2015 824 2082 Lachmanni
854 2014 928 2080 libri
956 2020 1074 2081 vacant
1102 2053 1143 2064 -
1175 2036 1277 2100 neque
1301 2014 1377 2079 hino

251 2125 317 2190 iam
350 2124 491 2190 efficitur
524 2145 654 2207 prorsus
683 2125 803 2192 nullius
831 2146 904 2190 eum
934 2145 1000 2189 esse
1023 2123 1134 2208 pretii3
1158 2127 1267 2208 potest
1290 2123 1377 2186 enim

251 2231 302 2295 vel
330 2230 375 2295 sic
405 2230 490 2308 fieri,
521 2232 559 2294 ut
589 2231 672 2297 bona
695 2235 729 2296 et
751 2233 893 2318 genuina
915 2232 1083 2317 praebeat,
1114 2253 1197 2316 quae
1220 2253 1240 2296 a
1264 2230 1377 2296 ceteris

252 2337 410 2404 codicibus
433 2335 552 2403 absint.

343 2441 450 2528 Atque
482 2444 567 2528 quod
597 2443 626 2508 D
649 2467 666 2510 e
690 2446 794 2512 codice
823 2445 852 2512 G
880 2446 1049 2513 deductum
1078 2469 1145 2513 esse
1176 2447 1320 2526 credunt,
1346 2445 1378 2510 id

252 2575 327 2619 sane
357 2574 419 2617 non
443 2555 555 2637 quovis
584 2553 653 2620 loco
681 2554 858 2634 refutetur,
887 2576 951 2640 quo
973 2553 1005 2618 in
1031 2551 1060 2616 D
1084 2576 1194 2620 verum
1218 2559 1319 2634 extat,
1343 2555 1377 2619 in

253 2658 282 2724 G
311 2681 384 2724 non.
431 2659 514 2726 Nam
545 2659 700 2744 siquidem
730 2661 879 2728 librarius
908 2665 966 2727 aut
994 2661 1108 2728 codicis
1133 2661 1162 2726 D
1191 2661 1290 2747 ipsius
1321 2666 1377 2727 aut

253 2766 320 2831 eius
353 2765 521 2851 archetypi
547 2767 580 2831 in
609 2769 702 2832 textu
731 2769 926 2835 emendando
949 2791 1080 2853 operam
1104 2771 1283 2852 collocavit,
1307 2771 1378 2836 fieri

252 2876 375 2958 potest,
404 2877 442 2938 ut
470 2874 633 2940 interdum
660 2872 690 2937 ei
717 2873 905 2961 contigerit,
937 2882 974 2940 ut
1002 2878 1041 2943 de
1068 2900 1125 2944 suo
1148 2901 1258 2946 verum
1282 2881 1378 2946 resti·

252 2984 370 3051 tueret.
428 2979 490 3048 Sed
522 2985 694 3051 occurrunt
728 2982 804 3064 loci,
841 2984 955 3066 quibus
991 2985 1138 3052 videatur
1166 2985 1378 3051 demonstrari

252 3111 344 3175 posse
367 3112 430 3156 non
454 3113 672 3177 quaecumque
695 3092 779 3158 bona
802 3093 835 3158 in
852 3091 881 3157 D
897 3095 1061 3181 leguntur,
1085 3117 1157 3160 cum
1181 3090 1377 3171 aGabsint,

253 3221 272 3262 a
307 3201 486 3264 correctore
520 3201 673 3267 restituta
707 3223 784 3269 esse.
840 3200 981 3278 Quorum
1009 3203 1150 3268 locorum
1178 3201 1300 3286 primus
1329 3203 1378 3264 est

255 3303 364 3388 66‚45,
388 3326 451 3388 quo
476 3305 624 3372 Catullus
646 3309 726 3374 haec
748 3309 876 3374 videtur
900 3311 1075 3394 scripsisse:

415 3413 490 3477 Cum
514 3416 595 3479 Medi
617 3437 765 3499 peperere
788 3439 898 3482 erocum
921 3441 1007 3483 more
1034 3439 1186 3502 eumqrae
1209 3422 1348 3483 iuuentus

469 3523 530 3586 Per
552 3526 682 3587 medinm
706 3527 799 3589 classi
822 3526 961 3590 barbaro
984 3531 1069 3591 navit
1092 3528 1200 3593 Alton.

254 3627 293 3693 In
310 3626 340 3691 D
364 3631 450 3693 recte
475 3627 594 3715 legitur
608 3653 744 3716 cunique,
769 3631 802 3695 in
819 3630 848 3697 G
871 3641 973 3716 alque,
997 3635 1045 3700 ita
1061 3637 1098 3698 ut
1114 3635 1150 3711 is,
1168 3631 1223 3716 qui
1239 3631 1377 3696 codicem

254 3735 284 3799 D
309 3757 348 3802 ex
371 3734 400 3801 G
427 3736 607 3834 deriyetum
637 3760 703 3805 esse
726 3742 834 3825 putat,
867 3761 985 3824 ponere
1012 3737 1127 3804 debeat
1151 3739 1273 3804 Datani
1296 3738 1377 3802 illud

254 3866 381 3929 cumque
415 3867 435 3910 a
463 3849 641 3912 correctore
677 3849 862 3913 rest'tutum
891 3869 967 3915 esse.
1019 3845 1088 3912 Iam
1117 3869 1215 3931 supra
1245 3846 1289 3931 (p.
1322 3847 1377 3932 15)

255 3951 441 4038 negavimus
466 3952 526 4019 boc
554 3953 624 4020 lieri
647 3956 803 4039 potuisse,
834 3977 920 4021 nuno
943 3956 1114 4033 videamus,
1138 3976 1236 4038 quam
1259 3956 1378 4040 proba·

254 4061 365 4126 biliter
388 4059 448 4124 hoc
472 4083 490 4124 a
514 4063 676 4128 nonnullis
699 4066 873 4131 statuatur.
913 4061 1080 4128 (lorrector
1103 4062 1158 4126 ille
1182 4063 1227 4126 nil
1252 4063 1378 4128 efficere

255 4170 380 4236 studuit
402 4175 464 4240 nisi
488 4167 569 4233 illud
592 4174 630 4235 ut
653 4171 795 4251 hiatum,
826 4172 881 4257 qui
909 4177 958 4236 est
981 4175 1054 4255 post
1078 4191 1183 4235 vocem
1209 4191 1304 4249 more,
1329 4193 1378 4235 re·

255 4283 411 4356 moveret3
445 4280 584 4368 priorem
620 4283 725 4343 autem
762 4285 886 4364 partem
923 4300 1031 4344 versus
1066 4278 1121 4343 ille
1155 4280 1285 4344 omnino
1314 4301 1377 4344 non
