3240 4938
778 338 868 404 17‘

330 517 529 690 14’Ῑέιινναηι
551 627 694 690 scrinio:
720 621 853 701 Cassios,
879 625 1015 707 Aqrrinos

326 738 448 800 Scrinia
463 735 620 819 praebent
635 729 726 811 G¹O‚
740 735 863 797 scrineo
878 729 988 797 G²DL
1005 733 1059 821 (ef.
1073 732 1253 799 Bonnetum
1270 734 1291 798 l.
1311 732 1359 819 1.).

326 841 447 924 61304
471 838 566 927 (197)

701 950 845 1030 quonium
866 949 973 1030 polum

401 1057 490 1134 Quod
513 1058 600 1138 copis
624 1060 724 1139 cepis
747 1065 776 1121 st
799 1058 910 1120 benum

450 1165 519 1227 Non
544 1165 706 1228 abscondis
729 1184 871 1228 amorem.

327 1267 415 1335 Haec
438 1273 471 1335 et
494 1270 528 1334 iu
551 1269 749 1338 Lachmanni
773 1271 864 1336 libris
887 1273 921 1337 et
944 1271 977 1336 iu
1000 1269 1028 1336 G
1051 1273 1174 1350 extant,
1198 1269 1252 1335 sed
1275 1271 1308 1335 in
1331 1269 1359 1334 G

239 1381 367 1460 copisa
390 1381 567 1443 correctore
591 1377 777 1445 restitutum
801 1383 851 1445 est
874 1401 913 1445 ex
933 1379 1055 1464 primae
1071 1401 1184 1444 manus
1200 1378 1360 1464 scripture

238 1489 324 1570 copis
348 1485 388 1550 cf.
415 1484 596 1553 Bounetum
618 1486 640 1553 l.
666 1487 688 1555 l.
728 1484 755 1552 Ο
779 1509 851 1553 cum
873 1509 923 1572 pr.
947 1509 988 1552 m.
1013 1486 1127 1552 codicis
1151 1485 1180 1552 G
1202 1485 1290 1552 facit.
1330 1487 1361 1552 A

236 1593 396 1679 scripturn
437 1595 574 1681 vulgate
613 1595 695 1678 qnod
734 1598 820 1679 copis
858 1599 961 1679 cupis,
1001 1617 1097 1680 quem
1136 1594 1359 1662 Lechmsnuus

235 1702 401 1788 amplexus
424 1706 484 1783 est,
508 1705 594 1770 recte
617 1703 766 1768 ridentur
788 1705 952 1770 recessisse
975 1703 1126 1770 Heinsius
1147 1701 1360 1771 Baehreusius

235 1808 402 1877 Vahlenns
445 1810 529 1898 (Get.
565 1811 635 1878 Tib.
669 1809 764 1897 Prop.
800 1812 841 1877 ab
875 1811 1020 1898 Hauptio
1054 1831 1181 1897 recogn.
1217 1810 1264 1878 ed.
1298 1809 1360 1898 IV)

236 1918 411 1984 scribentes
450 1922 531 2005 qnod
571 1922 657 2002 cupis
692 1922 788 2002 copis.
845 1919 927 1998 Quid
962 1919 1047 1986 enim
1081 1919 1217 1986 maritus
1251 1920 1361 2005 cepit?

236 2024 350 2092 Palem
377 2031 464 2093 certe
493 2025 577 2092 nihil
606 2028 703 2111 capit.
750 2026 920 2094 Praeterea
948 2050 1019 2094 cnm
1044 2027 1229 2094 adverbium
1252 2031 1360 2111 potum

236 2134 356 2223 insigni
378 2135 539 2202 enuntiati
562 2135 631 2201 loco
654 2156 727 2202 cum
749 2133 782 2202 vi
804 2137 837 2200 et
859 2138 999 2221 pondere
1021 2140 1171 2222 ponetur,
1195 2158 1261 2202 non
1283 2142 1360 2221 apte

235 2243 368 2308 verbum
392 2243 536 2330 capiendi
560 2243 608 2309 its
630 2243 779 2323 infertur,
802 2247 840 2308 ut
863 2243 1010 2330 cupiendi
1026 2242 1123 2310 verbo
1137 2245 1255 2328 opponi
1271 2244 1359 2311 vide·

235 2355 325 2430 etur;
353 2353 511 2438 oppositio
539 2353 645 2437 potius
669 2351 755 2417 inter
779 2373 891 2434 cupere
913 2355 947 2418 et
968 2356 1075 2437 putum
1099 2374 1211 2436 cupere
1234 2352 1358 2419 deside·

235 2464 327 2526 retur
360 2461 455 2546 idque
487 2460 658 2527 confirmet
692 2459 854 2544 sequentis
888 2461 1049 2528 enuntiati
1082 2460 1295 2527 conformatio
1330 2470 1359 2526 et

235 2574 345 2637 bonum
369 2591 429 2636 non
452 2571 615 2635 abscondis
638 2589 783 2634 umorem.
817 2567 1029 2645 Quamobrem
1052 2567 1246 2654 scripturum
1270 2573 1358 2654 copis

235 2680 401 2762 praestare
422 2680 513 2763 puto.

325 2785 446 2869 64,355

397 2898 597 2980 Troiuoennm
619 2897 731 2978 infesto
753 2901 940 2978 prosternet
964 2914 1099 2978 corporo
1121 2897 1218 2978 ferro.

324 3003 491 3091 Participii
515 3004 651 3069 formam
672 3011 870 3087 prosternens
886 3001 916 3066 D
937 3005 971 3067 et
990 3001 1095 3086 prima
1111 3024 1225 3069 merrus
1241 3001 1356 3069 codicis

233 3110 261 3175 L
288 3115 466 3192 testantur,
497 3111 657 3197 scriptura
684 3119 859 3194 prosternet
881 3108 1089 3177 Lachmanno
1119 3114 1196 3178 ncta
1225 3113 1296 3177 eret
1318 3132 1357 3176 ex

235 3217 270 3297 L,
295 3239 357 3301 quo
381 3219 414 3283 iu
435 3221 519 3285 libro
544 3242 564 3284 e
586 3222 765 3285 correctore
792 3217 938 3283 futurum
960 3219 1158 3304 adscriptum
1181 3223 1240 3286 est.
1286 3216 1316 3283 G
1338 3242 1358 3285 a

234 3345 284 3406 pr.
316 3347 357 3389 m.
387 3325 487 3391 hebet
514 3336 703 3412 prosternet,
739 3326 823 3411 quod
852 3348 871 3391 a
898 3331 1077 3393 correctore
1104 3329 1137 3393 in
1160 3338 1358 3412 prosternens

235 3435 398 3499 mutatum
432 3437 495 3513 est,
532 3434 559 3501 O
594 3455 666 3500 curn
699 3458 747 3521 pr.
778 3459 818 3503 m.
849 3435 965 3502 codicis
989 3434 1017 3500 G
1044 3435 1133 3502 facit.
1182 3440 1359 3502 Prosternet

234 3541 470 3607 constructione
507 3543 721 3631 grammatica
757 3545 935 3629 requiritur
972 3548 1006 3611 et
1043 3568 1116 3612 cum
1154 3546 1239 3630 apud
1278 3545 1357 3612 alios

233 3647 369 3716 editores
390 3654 460 3717 tum
476 3653 561 3737 apud
576 3652 818 3719 Lecbmnnuum
835 3653 868 3716 in
885 3655 978 3718 textu
993 3652 1123 3738 legitur.
1158 3651 1212 3716 Illi
1228 3654 1356 3717 tentum

232 3756 293 3820 viri
327 3760 425 3840 docti,
461 3760 516 3844 qui
550 3762 636 3826 inter
671 3782 724 3828 ees
752 3760 903 3829 carminis
930 3761 1122 3844 particulas,
1155 3781 1235 3844 quae
1265 3781 1357 3824 versu

231 3864 416 3933 intercalari
437 3868 605 3949 finiuntur,
631 3871 865 3954 responsionem
882 3868 1042 3953 quandam
1059 3874 1242 3936 accuratam
1259 3867 1356 3934 fuisse

231 3975 292 4039 sibi
315 3981 559 4060 persuaserunt,
589 3977 690 4043 veluti
712 3977 853 4058 Ennius,
877 3987 1075 4061 prosternens
1098 3999 1210 4044 verum
1233 3999 1300 4043 esse
1323 3980 1356 4042 et

232 4104 331 4148 unum
355 4107 480 4151 versum
505 4088 656 4152 excidisse
680 4090 840 4167 statuunt,
865 4091 902 4151 ut
918 4089 1073 4170 quattuor
1088 4109 1237 4153 versuum
1252 4087 1356 4171 perti

231 4193 336 4258 culam
360 4194 598 4261 nanciscentur.
635 4193 695 4260 Sed
718 4218 759 4261 ne
781 4196 832 4260 illi
855 4195 984 4279 quidem
1007 4215 1117 4260 omnes
1141 4196 1189 4260 itu
1211 4196 1356 4261 iudicent

230 4320 333 4386 neque
360 4302 499 4368 multum
527 4303 586 4370 bec
613 4303 738 4369 ratione
761 4303 930 4388 proficitur
953 4302 993 4368 ed
1017 4308 1200 4444 accurste2m
1224 4323 1355 4386 respon·
