3240 4938
791 303 834 370 59

251 487 356 553 monis
378 486 487 553 Latini
518 507 741 572 agnoscamus,
773 507 870 569 quam
897 482 937 547 ab
961 480 1191 565 interpolatore
1214 485 1375 566 repertam

254 617 320 661 esse
344 594 494 660 credibile
518 615 583 658 non
606 596 664 658 est.
712 592 863 676 Denique·
885 589 968 675 quod
996 612 1016 654 a
1040 587 1207 655 Schwabio
1230 587 1375 654 animad-

253 724 378 768 versum
408 725 472 769 non
501 704 567 780 est,
596 703 758 767 sententia
781 699 929 765 versiculi
951 719 1081 783 prorsus
1104 695 1287 763 Catulliana
1310 698 1375 773 eet3

252 808 402 874 similiter
436 811 521 876 enim
553 814 649 897 poeta
685 809 725 876 ad
752 806 952 874 Verannlum
985 807 1123 873 amicum
1151 827 1190 870 ex
1218 803 1375 889 Hispania

253 938 417 983 reversum
440 918 552 983 scribit
576 917 679 1000 9,6.'l:

417 1026 519 1091 Visam
543 1037 571 1091 te
593 1029 772 1092 incolumem
796 1027 981 1108 audiamque
1003 1025 1148 1088 Hiberum

414 1136 601 1199 Nurruulem
625 1137 705 1212 loca,
727 1136 827 1216 facta,
850 1137 999 1198 aalioms.

253 1241 362 1324 Atque
390 1245 500 1307 nostro
529 1243 598 1308 loco
621 1242 814 1308 sententiam
837 1240 974 1308 similem
998 1240 1140 1324 quidem,
1169 1238 1223 1304 sed
1246 1259 1375 1324 prorsus

254 1348 349 1414 aliter
375 1349 576 1417 enuntiatam
599 1351 762 1430 habemns,
785 1353 823 1415 ut
846 1371 885 1424 ne
907 1349 940 1415 id
956 1347 1083 1432 quidem
1098 1347 1254 1432 suspicari
1268 1348 1374 1426 liceat,

253 1457 518 1542 interpolatorem
540 1460 699 1543 quendam
721 1457 952 1524 versibus'illis
975 1457 1016 1523 ad
1031 1453 1232 1521 Veranaium
1248 1453 1376 1538 scriptis

251 1589 344 1634 osum
367 1587 443 1632 esse.
492 1564 668 1633 Offensioni
690 1570 798 1633 autem
821 1567 855 1631 in
878 1565 938 1632 hoe
961 1586 1070 1631 versu:

412 1677 563 1759 Alloquor
586 1677 715 1740 audiero
737 1695 902 1758 unusquam
929 1684 983 1740 lua
1005 1678 1094 1758 faula
1117 1675 1285 1756 loquentem

251 1783 346 1849 debet
374 1803 441 1847 esse
468 1786 652 1849 contortum
678 1804 779 1869 genus
807 1781 946 1859 dicendi3
974 1805 1050 1848 nam
1080 1801 1182 1865 neque
1210 1800 1375 1863 numquam

253 1892 328 1972 apte
356 1889 396 1954 ad
427 1893 600 1974 utrumque
630 1891 764 1956 verbum
790 1892 824 1954 et
853 1893 997 1975 alloquar
1023 1893 1058 1955 et
1085 1891 1213 1955 audiero
1235 1886 1375 1952 refertur

251 2017 353 2080 neque
364 2000 532 2081 loquentem
544 1999 704 2065 obiectam
716 2019 784 2063 esse
795 2001 902 2082 potest
913 1998 1003 2064 verbi
1009 2001 1163 2082 alloquar,
1176 1995 1375 2081 quodtamen

252 2125 308 2169 suo
321 2104 446 2172 obiecto
460 2109 558 2171 caret.
581 2103 690 2188 Atque
705 2105 765 2172 hoc
776 2104 990 2172 Baehrensius
1007 2106 1188 2192 significare
1201 2104 1327 2169 videtur
1342 2125 1373 2188 p.

251 2211 404 2290 XXVIII,
417 2213 473 2279 ubi
485 2213 583 2278 verba
594 2213 652 2278 illa
663 2215 813 2281 aonbene
819 2215 961 2300 copulari
970 2207 1283 2292 ‹levidam-monet.
1295 2211 1375 2278 Iade

251 2318 675 2405 autemsequitur‚nonquod
683 2323 737 2387 ille
746 2325 826 2403 vult,
834 2320 1375 2409 versumabinterpolatoreprofee-

250 2432 320 2493 tum
332 2451 400 2495 esse
413 2465 456 2476 -
469 2451 545 2494 nam
558 2450 598 2494 ne
609 2428 636 2492 is
648 2431 775 2515 quidem
788 2432 899 2516 opinor
912 2437 980 2499 tam
991 2435 1137 2499 contorte
1147 2429 1373 2515 scripsisset—

251 2536 306 2603 sed
332 2540 409 2602 ante
436 2559 565 2602 versum
592 2535 686 2601 illum
712 2560 812 2603 unum
841 2541 957 2605 saltem
984 2540 1143 2607 distichon
1166 2535 1373 2604 intercidisse.

251 2644 360 2728 Atque
382 2644 610 2710 Lachmannus
640 2645 706 2710 tria
735 2645 871 2712 inseruit
898 2671 938 2714 ex
961 2647 1150 2728 uano-nl
1173 2651 1208 2713 et
1230 2647 1374 2726 92-96,

250 2757 288 2818 ut
322 2756 424 2818 staret
457 2752 648 2839 paginarum
684 2753 742 2820 illa
776 2776 873 2839 quam
901 2757 1045 2824 instituit
1071 2756 1279 2841 computatio.
1326 2757 1375 2822 Do

251 2883 315 2947 qua
337 2860 484 2947 pluribus
506 2860 560 2927 hic
583 2860 736 2929 disserere
761 2865 918 2946 nolumus,
942 2864 1033 2931 nobis
1049 2863 1082 2929 id
1097 2866 1229 2930 tantum
1244 2865 1374 2950 respici-

251 2972 366 3038 endum
390 2970 533 3051 videtur,
563 2970 719 3053 quomodo
743 2973 948 3040 enuntiatum
971 2972 1051 3038 illud
1074 2972 1260 3056 expleverit,
1284 2973 1373 3039 cuias

249 3100 350 3174 anum
378 3077 512 3142 verbnm
540 3075 668 3142 finitum
697 3083 840 3163 alloquar
868 3086 1032 3148 servatum
1058 3083 1117 3146 est.
1164 3080 1253 3157 Quod
1276 3103 1373 3166 quam

249 3186 325 3266 apte
358 3187 456 3268 atque
491 3186 624 3248 venuste
662 3185 717 3250 ille
757 3186 886 3266 feeerit,
921 3190 959 3252 ut
993 3193 1158 3274 appareat,
1193 3188 1373 3257 adscribam

251 3289 362 3356 verba:

461 3401 635 3483 Numquam
660 3425 715 3486 eqo
738 3414 778 3484 le,
802 3408 913 3471 misero
935 3409 1038 3489 frater
1061 3407 1202 3492 adempte
1225 3413 1308 3491 milri,

409 3507 569 3592 Alloquor,
593 3513 722 3577 audiero
745 3535 910 3598 numquam
933 3523 988 3581 lua
1009 3519 1100 3599 farlo
1122 3521 1301 3602 loquentem,

462 3619 635 3702 Numquam
659 3642 715 3703 eqo
738 3630 777 3700 le,
800 3625 866 3687 aila
888 3624 991 3704 frater
1013 3629 1187 3705 amabilior,

406 3727 564 3810 Aspiciam
585 3731 726 3811 positae.

247 3831 276 3895 Α
307 3829 435 3898 Catullo
463 3833 564 3920 igitur
592 3858 717 3904 versum
751 3837 843 3903 illum
872 3837 1050 3923 profectum
1079 3862 1146 3908 esse
1173 3843 1369 3925 obtinemas3
1452 3879 1453 3889 ¹

247 3939 332 4026 quod
361 3939 389 4004 si
417 3945 504 4007 recte
533 3943 681 4025 facimus,
717 3949 854 4032 apparet
883 3944 913 4009 D
943 3969 1007 4013 non
1036 3970 1075 4015 ex
1104 3948 1132 4014 G
1161 3951 1214 4017 sed
1237 3954 1369 4039 propria

246 4049 372 4115 ratione
413 4072 453 4116 ex
482 4048 513 4115 V
546 4049 683 4119 fluxisse.
741 4054 827 4122 Illud
861 4078 960 4121 unum
995 4057 1121 4124 videtur
1156 4061 1369 4146 explicatione

249 4175 352 4241 egere,
376 4157 533 4243 quomodo
561 4159 684 4225 factam
707 4162 764 4243 sit,
793 4164 831 4226 ut
854 4165 889 4228 in
912 4165 987 4231 solis
1010 4165 1060 4232 his
1083 4167 1175 4236 libris
1199 4168 1368 4237 DP¹aAod

251 4259 361 4330 Ambr.
374 4263 414 4330 D.
428 4264 548 4332 alvia.
563 4265 650 4334 Ricc.
669 4267 721 4334 hie
737 4291 846 4335 versus
862 4274 962 4351 extet,
987 4296 1006 4338 a
1022 4274 1152 4360 reliquis
1169 4276 1263 4343 absit.
1298 4276 1366 4360 Qua
