3240 4938
785 326 828 393 29

245 506 338 569 textu
362 503 476 570 codicis
492 502 523 568 V
539 506 644 573 omissi
667 507 700 571 in
723 507 868 593 margine
891 503 1044 589 adscripti
1060 503 1191 584 fuerint,
1216 510 1253 572 ut
1273 508 1367 575 facile

245 612 285 678 ab
309 613 372 678 alio
395 612 527 680 librario
551 615 794 698 respicerentur,
819 613 1069 699 neglegerentur
1093 613 1134 678 ab
1158 614 1240 683 aliie.

333 719 403 787 Iam
431 722 471 786 ad
499 745 551 788 cos
579 722 803 809 progredimur
829 723 929 799 locos,
959 719 1074 804 quibus
1098 720 1141 802 0,
1170 745 1364 809 quamquam

244 850 306 894 non
323 851 432 894 verum
448 829 553 915 ipsum
569 833 713 916 praebet,
728 835 837 897 tamen
853 828 978 893 fidelius
991 828 1159 914 archetypi
1170 833 1367 917 scripturam

244 940 428 1032 corruptam
456 939 595 1006 reddidit
623 945 656 1005 et
684 938 816 1025 propius
840 961 859 1003 a
881 957 957 1002 vero
979 936 1071 1001 abeat
1094 959 1190 1022 quam
1214 937 1243 1002 D
1268 944 1301 1006 et
1324 939 1365 1005 L:

334 1046 433 1125 63,46

404 1157 596 1239 Liquiduque
618 1165 716 1220 merite
739 1158 815 1219 cidit
838 1157 902 1218 ciue
927 1157 1033 1237 queis
1056 1157 1167 1239 ubique
1189 1157 1271 1239 foret

455 1266 578 1347 sineque
601 1265 648 1328 his
671 1260 759 1328 DLG
896 1265 1020 1346 sineque
1042 1267 1069 1328 is
1093 1261 1119 1328 O

334 1371 455 1449 64,138

402 1481 512 1544 Iomite
534 1487 568 1540 ut
590 1481 688 1542 uestri
710 1478 797 1540 uellet
821 1479 1016 1541 miserescere
1038 1487 1145 1560 pectus

456 1589 611 1650 mitescere
635 1584 722 1651 DLG
894 1589 1056 1651 ruirercere
1081 1584 1107 1651 O

333 1694 432 1774 67,42

307 1826 310 1831 ·
402 1806 508 1867 Solum
532 1823 599 1865 cum
623 1803 770 1865 aucillis
793 1804 869 1866 baec
891 1822 950 1865 suu
972 1802 1095 1884 liaqilia

456 1911 591 1974 conciliis
615 1905 675 1973 Du

456 2041 524 2082 cum
541 2017 721 2083 conciliisL

335 2128 431 2208 76,11

404 2237 484 2316 Quiri
512 2245 544 2296 ru
575 2235 677 2296 auimo
702 2234 842 2314 offirmas
867 2241 959 2317 etque
992 2237 1082 2299 istinc
1116 2245 1204 2318 teque
1244 2240 1366 2304 reducis

456 2342 511 2420 (ef.
536 2363 568 2424 n·
594 2340 627 2426 6)

455 2454 640 2533 iustintuque
663 2447 692 2512 D

454 2561 597 2623 instincto
621 2557 647 2622 L
901 2559 1100 2641 iuriiucleque
1123 2553 1151 2619 Ο

455 2670 658 2748 irreliucthue
681 2662 710 2728 G

336 2775 432 2856 77,10
456 2770 578 2860 (78”,4)

403 2888 535 2951 Noecent
558 2891 586 2947 et
609 2885 661 2966 qui
683 2885 726 2947 ris
747 2882 836 2963 ferna
859 2883 1013 2964 loquetur
1036 2902 1119 2948 auus

455 2995 648 3076 famulosque
673 3001 759 3055 tenue
782 2988 813 3054 D

456 3103 638 3183 famuloque
655 3094 791 3162 tenur'Is
904 3099 1081 3179 funiculoque
1104 3103 1195 3162 tenue
1219 3094 1246 3160 Ο

454 3211 632 3291 ferculoque
656 3227 753 3270 cauus
775 3200 840 3290 G*)

331 3317 491 3395 Quattuor
527 3316 604 3381 locis
638 3313 694 3399 qui
726 3313 790 3378 huc
824 3310 989 3396 pertinent
1017 3310 1222 3378 Lachmanno
1252 3311 1362 3378 eadem

240 3425 389 3510 quamO
419 3424 550 3490 exhibet
579 3423 740 3508 scriptura
771 3422 823 3485 vel
850 3419 963 3486 similis
992 3443 1031 3486 ex
1058 3421 1276 3488 Laurentiano
1306 3425 1364 3488 aut

240 3533 385 3599 Parisino
409 3538 466 3598 aut
488 3531 607 3598 libri'L
630 3552 729 3596 manu
750 3529 887 3595 secunda
910 3533 1039 3614 praesto
1062 3534 1148 3595 erat:

330 3640 428 3721 28,12

403 3751 500 3816 Casu:
524 3770 596 3814 aem
619 3750 712 3813 uibilo
736 3749 851 3812 minore
874 3767 972 3829 oerpu

893 1965 1031 2027 coactitio
1056 1960 1083 2026 Ο

240 3886 453 3894 -n-—a--a——oe-n

312 3948 337 4013 *)
356 3945 464 4001 Iniuria
482 3946 537 4000 huc
553 3945 716 4001 referuntur
729 3943 895 4021 scripturae,
915 3941 1013 4012 quales
1028 3941 1050 3997 0
1065 3940 1361 4013 praetatorumque

241 4053 293 4106 pro
312 4053 379 4092 vero
394 4037 482 4104 pubis
503 4037 581 4100 (cett.
602 4036 682 4090 codd.
692 4036 810 4104 puppis)
830 4034 860 4088 et
878 4035 938 4100 36,1
960 4034 1059 4089 unuale
1078 4049 1128 4102 pro
1149 4032 1264 4088 uuualee
1283 4032 1361 4097 (cett.

240 4127 321 4182 codd.
351 4127 506 4194 corruatur
539 4125 630 4190 Talia¹
650 4125 726 4181 enim
754 4124 788 4178 ob
816 4122 955 4178 rationem
984 4122 1247 4193 orthographicum,
1276 4138 1362 4190 quarn

240 4216 346 4272 codicia
378 4214 401 4270 0
432 4214 565 4270 librarius
595 4214 760 4282 adhibebat,
791 4213 863 4268 nihil
894 4213 950 4269 hac
980 4212 1010 4268 in
1041 4230 1072 4269 re
1104 4212 1198 4269 valere
1231 4211 1361 4280 pceeunt;

239 4304 277 4362 cf.
295 4306 363 4372 64,6.
375 4304 435 4362 172.
