3240 4938
788 304 832 367 46

246 487 312 551 tiva
337 489 369 550 et
393 485 496 550 multa
523 485 556 547 in
581 505 617 547 eo
641 503 757 568 genere
781 506 922 551 novasse.
970 483 1081 548 Potest
1103 483 1205 567 igitur
1228 484 1309 562 fieri,
1334 489 1371 550 ut

245 598 382 660 lecticulo
420 615 530 658 verum
569 593 628 669 sit,
667 595 775 656 lectum
813 595 921 657 autem
955 592 1043 658 facili
1075 591 1231 656 scribendi
1265 615 1372 658 errore

244 709 361 770 ortum.
407 699 519 785 Neque
542 699 718 765 auctoritas
741 700 856 764 codicis
880 699 907 766 Ο
932 705 990 766 aut
1013 703 1190 765 ceterorum
1215 699 1370 765 librorum

244 816 338 877 tanta
362 815 420 888 est,
448 813 485 872 ut
507 808 581 872 inde
606 806 766 872 dubitatio
790 809 862 872 tolli
885 811 995 892 possit.

335 918 379 983 Hi
407 919 482 980 sunt
512 915 588 992 loci,
624 914 740 998 quibus
766 937 867 997 prava
896 914 1082 981 correctoris
1111 934 1208 996 opera
1230 914 1264 979 in
1288 915 1372 981 libro

245 1026 272 1093 Ο
296 1024 513 1110 deprenditur.
560 1020 629 1086 Iam
659 1020 696 1087 de
720 1022 792 1086 aliis
816 1024 1005 1106 quibusdam
1029 1021 1228 1102 disseremus,
1256 1021 1371 1105 quibus

243 1135 403 1218 scriptura
441 1130 528 1195 illius
567 1129 682 1196 codicis
721 1153 739 1194 a
778 1131 942 1196 nonnullis
979 1129 1056 1194 viris
1090 1129 1192 1195 doctis
1230 1129 1372 1215 genuina

243 1245 393 1325 putatur,
432 1241 542 1304 nostro
580 1243 688 1304 autem
727 1238 843 1304 iudicio
883 1237 978 1302 meris
1018 1237 1175 1303 scribendi
1210 1238 1370 1303 erroribus

242 1353 315 1413 orta
339 1351 402 1410 est:

334 1455 429 1535 68,61

332 1565 370 1630 In
394 1563 553 1630 codicibus
576 1584 686 1627 versus
711 1561 821 1625 multis
846 1559 946 1624 modis
970 1563 1140 1644 corruptus
1164 1566 1227 1625 est:

402 1674 487 1735 Duce
510 1674 625 1736 oiotom'
648 1673 739 1736 boreo
762 1673 795 1733 io
818 1671 929 1733 sudore
953 1671 1098 1747 levamus,

242 1782 325 1847 unde
349 1778 508 1844 Italorum
531 1779 719 1844 commentis
743 1775 820 1841 haec
843 1776 1002 1860 scriptura
1026 1777 1141 1841 effecta
1164 1780 1227 1841 est:

403 1890 499 1953 Dulce
522 1891 655 1952 uictori
677 1889 761 1950 laeso
784 1889 815 1949 io
837 1887 950 1949 sudore
973 1887 1120 1963 leuamen,

243 2015 325 2079 quae
350 2015 449 2077 usque
478 1997 518 2061 ad
541 2002 685 2061 nostram
714 1995 855 2059 aetatem
884 1993 918 2056 in
941 1992 1133 2058 editionibus
1162 1992 1367 2078 vulgabatur.

242 2101 456 2168 Baehrensius
481 2107 588 2168 autem
613 2101 728 2168 codicis
749 2100 776 2167 Ο
800 2103 993 2180 testimonio,
1017 2099 1072 2185 qui
1096 2123 1115 2164 a
1139 2099 1254 2164 ceteris
1278 2099 1367 2164 libris

241 2231 277 2274 eo
302 2208 471 2292 discrepat,
495 2209 579 2292 quod
602 2214 756 2274 viatorum
779 2209 924 2288 exhibet,
954 2209 1109 2273 adductus
1132 2208 1218 2272 hunc
1242 2230 1367 2298 versum

240 2316 354 2381 edidit:

401 2427 496 2489 Drdce
519 2427 702 2488 elatorum
726 2443 857 2487 crosso
879 2426 910 2486 iu
933 2425 1046 2488 sudore
1070 2427 1215 2488 leounren.

241 2532 302 2599 Sed
326 2534 359 2600 in
384 2530 581 2598 Fleckeiseni
604 2555 679 2597 ann.
709 2533 769 2597 117
794 2529 895 2614 (1878
920 2554 950 2616 p.
978 2531 1056 2618 769)
1080 2555 1112 2597 se
1135 2531 1303 2596 decessisse
1327 2532 1367 2597 ab

241 2641 301 2708 hac
330 2665 439 2708 versus
467 2641 570 2706 forma
599 2637 772 2724 profitetur
800 2641 834 2702 et
862 2639 947 2704 hunc
975 2639 1008 2703 in
1036 2640 1165 2706 modum
1195 2662 1368 2725 argumen-

240 2751 347 2812 tatur:
377 2751 487 2815 boseus
514 2748 644 2832 linguae
674 2745 817 2828 vulgaris
845 2747 1036 2812 adieetivum
1065 2748 1097 2811 in
1126 2748 1241 2832 glossis
1264 2747 1367 2830 expli·

240 2859 348 2919 catum
386 2855 573 2940 synonymis
609 2856 747 2937 pinguis,
786 2857 894 2918 obesus
932 2877 990 2938 pro
1028 2856 1188 2940 scriptura
1226 2855 1367 2939 genuina

241 2981 348 3026 errore
372 2962 405 3028 in
429 2966 555 3030 textum
578 2960 754 3044 irrepsisse.
802 2959 946 3028 Scribam
971 2970 1079 3028 autem
1103 2963 1218 3029 codicis
1242 2961 1270 3026 G
1294 2985 1365 3027 cum

240 3071 274 3135 in
309 3071 484 3157 archetypo
518 3071 679 3136 inveniret
713 3073 865 3135 ciclorum
900 3074 991 3136 bosso
1025 3077 1057 3136 in
1088 3075 1201 3136 sudore
1230 3093 1365 3155 cumque

240 3179 363 3244 videret
386 3183 508 3246 besuam
531 3183 673 3246 sudorem
697 3201 790 3244 sensu
814 3201 930 3261 carere,
961 3201 1017 3244 suo
1044 3179 1149 3244 Marte
1174 3182 1211 3243 ut
1235 3181 1365 3243 sanaret

240 3287 389 3352 mendum
424 3311 462 3352 ex
496 3293 649 3353 viatorum
684 3285 824 3350 effecisse
858 3292 978 3353 uiatori.
1030 3286 1060 3353 A
1096 3285 1229 3370 vulgata
1256 3292 1363 3350 autem

240 3394 324 3459 hanc
347 3395 629 3479 interpolationem
654 3397 766 3457 uiatori
789 3397 880 3459 basso
903 3418 987 3461 nova
1010 3417 1077 3460 esse
1100 3399 1228 3459 auctam
1252 3397 1365 3458 oratori

241 3506 332 3566 lasso.
373 3502 477 3578 Quare
499 3501 761 3586 proficiscendum
780 3523 846 3567 esse
863 3526 901 3568 ex
918 3506 1077 3587 scriptura
1093 3507 1245 3566 uictorum
1262 3504 1362 3579 bosso,

241 3631 280 3674 ex
303 3631 368 3693 qua
391 3609 452 3674 sibi
476 3609 676 3675 efficiendum
701 3609 815 3673 videri:

402 3721 497 3782 llulce
519 3722 672 3782 ciclorum
695 3720 800 3782 salso
823 3723 855 3782 in
878 3721 1021 3783 sudore
1044 3721 1190 3781 leuamen.

241 3822 411 3891 insimulat
446 3826 546 3913 igitur
580 3826 748 3892 librarium
784 3822 899 3890 codicis
929 3821 967 3903 G,
1002 3825 1085 3909 quod
1120 3847 1253 3908 pravam
1290 3823 1364 3888 huic

241 3933 345 3996 versui
369 3956 499 4017 operam
523 3934 728 4018 impenderit,
756 3956 827 3998 cum
852 3955 891 3995 ex
914 3933 1082 4016 archetypi
1105 3934 1265 4015 scriptura
1289 3937 1361 3996 oio-

240 4049 339 4104 torum
383 4042 527 4106 efficeret
569 4046 690 4106 uiatori.
753 4039 815 4105 Sed
855 4045 963 4105 tamen
1003 4046 1102 4106 testes
1140 4041 1272 4105 adstant
1310 4061 1363 4103 rso

240 4170 348 4213 omnes
376 4148 552 4212 carminum
580 4147 836 4214 Catullianorum
872 4149 1008 4226 codices,
1044 4149 1100 4232 qui
1135 4153 1298 4214 testantur
1327 4149 1362 4212 in

241 4254 417 4337 archetypo
440 4263 606 4319 exaratum
630 4257 741 4322 fuisse:
