3240 4938
765 356 807 420 38

228 532 388 618 scriptura
417 533 457 598 ad
485 533 678 599 sententiam
705 537 842 617 perapta
871 537 933 607 est;
966 554 1038 596 nam
1067 533 1150 597 idem
1175 533 1241 597 fere
1265 536 1353 600 valet

228 644 326 726 atque
353 642 434 707 illud
463 646 544 726 qnia
602 638 662 705 Sed
692 639 866 726 genuinam
895 661 966 704 eam
995 643 1110 722 putare
1140 641 1261 706 incauti
1293 645 1351 722 cst,

228 772 300 815 cum
324 772 426 834 neque
454 771 560 814 errore
587 771 644 814 nec
670 750 849 814 mutatione
872 753 1049 812 ceterorum
1075 748 1229 814 librorum
1252 751 1353 835 scrip-

228 863 304 923 tura
327 861 468 942 lentaque
495 879 534 922 ex
557 879 594 922 ea
617 861 690 921 orta
713 877 779 919 esse
802 856 913 938 possit.
949 854 1051 919 immo
1074 856 1105 920 id
1128 857 1244 940 ipsum,
1268 860 1352 942 quod

229 971 370 1049 lentoque
393 961 488 1027 nihili
511 967 569 1039 est,
594 962 710 1027 indicio
734 983 800 1028 esse
824 963 919 1028 debet
933 962 1022 1027 ¹illud
1038 966 1093 1026 aad
1108 964 1223 1028 codicis
1240 964 1267 1030 Ο
1283 987 1354 1030 cor-

230 1073 346 1139 rectori
370 1070 575 1135 tribuendum
599 1093 676 1148 esse,
705 1069 761 1154 qui
783 1072 950 1152 perspecto
974 1070 1086 1133 mendo
1110 1093 1171 1136 non
1196 1074 1354 1156 optimam

230 1180 379 1246 adhibuit
406 1176 579 1256 medelam3
608 1200 704 1264 quam
735 1199 791 1242 nos
822 1183 907 1242 certe
932 1199 993 1241 non
1018 1179 1257 1263 amplectemur,
1282 1202 1352 1245 cnm

232 1290 337 1354 altera
360 1288 418 1352 illa
442 1291 479 1351 ut
502 1288 605 1353 multo
629 1286 730 1355 lenior
753 1286 801 1350 ita
824 1284 922 1350 etiam
947 1287 1049 1349 multo
1073 1286 1117 1350 sit
1140 1288 1330 1372 elegantior.

322 1394 442 1475 64,139

392 1504 432 1567 At
455 1522 515 1567 aon
538 1503 615 1564 hacc
639 1504 793 1585 qrccadom
816 1504 930 1567 hobia
951 1506 1105 1584 promissa
1128 1505 1238 1568 dedisti

399 1613 486 1688 Voce,
498 1612 571 1672 ruiti
582 1631 642 1674 non
655 1608 755 1693 (codd.
764 1611 833 1696 acc)
846 1613 923 1674 leuco
936 1614 1066 1675 miserae
1077 1633 1206 1694 sperare
1217 1614 1353 1676 tutatos.

324 1717 377 1784 Sic
393 1718 428 1782 hi
443 1717 505 1782 duo
521 1737 631 1782 versus
643 1715 676 1779 in
689 1717 835 1782 omnibus
847 1716 1005 1783 codicibus
1018 1719 1131 1804 scripti
1143 1722 1235 1796 sunt;
1259 1721 1355 1785 codex

233 1827 260 1893 Ο
297 1831 330 1892 et
365 1847 476 1911 margo
510 1824 586 1889 libri
620 1823 646 1888 L
681 1826 836 1908 praebent
865 1828 980 1890 blanda
1015 1846 1074 1908 pro
1108 1828 1195 1890 nobis
1223 1849 1355 1911 eamque

236 1936 425 2020 scripturam
457 1932 671 1999 Baehrensius
706 1937 739 1997 et
767 1932 823 1997 alii
851 1933 942 2000 unice
970 1956 1076 1999 veram
1109 1937 1226 2018 putant
1251 1939 1355 1999 totum

233 2047 338 2111 locum
361 2044 406 2108 sic
430 2041 682 2107 conformantes:

393 2152 433 2215 Ae
456 2172 517 2214 non
539 2152 616 2213 boec
638 2152 793 2233 quondam
817 2152 933 2214 blondo
953 2154 1110 2233 promisso
1132 2153 1242 2215 dedisti

399 2260 476 2323 Voce
498 2260 581 2334 milri,
604 2279 666 2321 non
688 2261 766 2321 boec
788 2263 1052 2340 miscrc·spcrcrc
1074 2260 1209 2323 iubebas.

233 2367 277 2432 Et
306 2365 399 2431 facile
427 2385 503 2430 sane
533 2363 740 2448 perspicitur,
769 2365 885 2448 quibus
913 2366 1093 2431 rationibus
1121 2365 1209 2431 ducti
1235 2367 1285 2431 illi
1313 2367 1357 2432 sic

234 2471 455 2541 iudicaverint.
504 2471 646 2536 Primum
674 2471 758 2536 euim
782 2473 827 2537 sic
850 2472 1042 2538 adiectivum
1065 2474 1294 2540 nanciscuntur
1317 2475 1356 2538 ad

234 2588 309 2668 apte
332 2581 545 2647 definiendum
569 2581 807 2647 substantivum
831 2603 914 2660 cccc,
939 2581 1024 2665 quod
1047 2583 1241 2647 nostratium
1264 2603 1357 2646 sensu

234 2695 302 2758 sine
338 2690 482 2775 epitheto
529 2689 624 2754 nimis
659 2690 744 2754 nude
781 2690 857 2774 poni
896 2690 1052 2755 videatur.
1106 2689 1187 2754 Turn
1221 2691 1358 2775 pluralis

234 2803 322 2866 actis
345 2800 535 2876 removetur,
558 2797 592 2859 in
616 2817 678 2880 quo
702 2795 773 2880 quis
796 2797 928 2861 haerere
951 2799 1052 2882 possit
1074 2797 1185 2864 statim
1206 2801 1359 2881 sequente

234 2905 392 2992 singulari
421 2906 502 2969 ruiti.
550 2903 696 2988 Denique
720 2904 746 2967 si
769 2906 857 2968 actia
880 2904 1041 2984 scribitur,
1066 2929 1138 2972 cum
1161 2909 1233 2971 miti
1256 2906 1296 2970 ad
1320 2927 1358 2970 ca

234 3039 316 3103 quae
340 3014 518 3101 sequuntur
542 3011 735 3078 trahendum
762 3012 820 3091 sit,
847 3013 977 3077 verbum
1001 3013 1130 3080 iubendi
1153 3036 1225 3079 cum
1249 3013 1358 3079 dativo

234 3123 440 3189 coniunctum
467 3121 638 3197 habemus;
673 3143 770 3205 quam
799 3121 1006 3186 offensionem
1035 3121 1084 3185 illi
1110 3124 1159 3187 ita
1187 3121 1357 3207 effugiunt,

235 3235 273 3296 ut
308 3233 423 3295 blando
452 3229 627 3295 scribentes
656 3232 728 3294 milri
755 3230 795 3294 ad
830 3230 1032 3295 enuntiatum
1056 3229 1144 3315 prius
1167 3231 1302 3296 trahant
1324 3232 1358 3293 et

235 3337 415 3403 mutatione
439 3335 517 3400 satis
541 3335 605 3398 leni
628 3356 667 3398 ex
689 3341 820 3402 miscrcc
843 3337 987 3402 efficiant
1009 3342 1122 3402 misero
1138 3337 1190 3402 vel
1205 3340 1355 3403 cameram.

235 3446 304 3511 Iam
329 3443 468 3520 veroid,
492 3444 575 3507 unde
598 3441 813 3527 discrepantia
836 3448 923 3510 nobie
945 3449 1019 3511 orta
1041 3447 1094 3524 sit,
1118 3443 1278 3529 explicare
1294 3465 1358 3507 non

235 3555 379 3639 possunt.
425 3549 509 3616 Nam
536 3548 622 3633 quod
650 3552 737 3614 nobis
764 3572 869 3616 errore
893 3575 951 3637 pro
975 3556 1090 3619 blondo
1113 3553 1267 3636 scriptum
1291 3571 1358 3616 csse

235 3661 361 3739 dicunt,
401 3660 432 3724 id
474 3655 685 3743 probabiliter
718 3657 860 3740 profecto
900 3659 948 3723 illi
984 3683 1048 3727 nou
1083 3662 1202 3728 dicunt.
1254 3659 1359 3735 Quare

236 3771 381 3833 nostrum
409 3769 471 3834 erit
504 3765 683 3831 accuratius
711 3765 872 3850 inquirere
900 3767 933 3832 in
962 3769 1102 3834 rationes
1132 3767 1213 3848 illas,
1243 3765 1358 3852 quibus

235 3877 395 3961 scriptura
419 3878 534 3941 blorrdo
557 3874 772 3940 commendari
794 3872 973 3943 videbatur.

324 3983 363 4048 ln
386 4007 449 4069 quo
473 3988 580 4050 autem
597 3981 827 4048 Baehrensium
851 3985 884 4047 et
907 3983 1012 4067 ipsum
1035 3981 1089 4046 vix
1113 3980 1251 4047 haesisse
1267 3983 1357 4063 pute,

236 4093 296 4157 hoc
331 4096 392 4170 est,
428 4091 512 4176 quod
546 4090 742 4175 pronominis
776 4089 898 4174 primae
933 4111 1086 4176 personae
1117 4111 1266 4154 numerus
1290 4092 1357 4152 tam

236 4201 343 4266 subito
366 4202 526 4276 mutatum
549 4198 638 4263 cuius
662 4198 852 4265 mutationis
876 4200 1021 4283 exempla
1044 4219 1116 4263 cnm
1136 4197 1221 4280 apud
1237 4200 1359 4260 ceteros

235 4307 405 4391 scriptores
429 4310 498 4372 tum
523 4306 607 4391 apud
624 4303 787 4370 Catullum
812 4329 874 4371 non
898 4329 971 4372 rara
994 4313 1079 4373 sunt.
1115 4304 1249 4370 Prorsus
1272 4324 1359 4368 com·
