3240 4938
794 305 837 371 63

251 489 284 558 16
312 487 343 554 Il
374 490 544 556 habentur.
595 485 736 565 Quarum
766 508 783 552 e
813 506 943 550 numero
973 481 1114 568 primum
1152 503 1205 548 eas
1236 481 1378 562 afferam,

251 622 332 684 quae
355 603 387 664 et
411 598 443 662 in
469 595 498 661 D
522 601 555 662 61
579 597 612 662 16
637 595 664 661 Ο
688 593 851 680 leguntur,
878 615 951 658 enm
974 593 1008 657 in
1031 591 1059 656 G
1082 613 1147 656 non
1174 597 1302 658 extent:

339 706 465 772 Primus
495 705 581 770 locus
604 703 711 770 estin
734 701 875 767 carmine
901 701 938 779 1,
970 699 1058 765 cuius
1082 700 1115 763 in
1138 701 1202 765 fine
1231 698 1378 766 Catullus

250 818 364 900 optare
388 835 420 879 se
442 814 624 898 profitetur,
648 814 687 877 ut
710 809 890 876 carminum
913 830 1043 874 snorum
1068 807 1199 874 libellus

413 925 486 987 Plus
508 945 568 988 uno
591 928 714 987 ruuncat
735 940 908 1002 peremne
933 919 1045 982 saeclo.

256 1032 399 1094 Peremne
428 1029 473 1094 ibi
501 1029 534 1094 in
557 1027 589 1094 V
612 1029 769 1112 scripturn
797 1024 894 1091 luisse
921 1046 980 1110 pro
1004 1027 1092 1089 certo
1116 1022 1282 1089 affirmare
1303 1021 1380 1089 licet

253 1141 424 1222 propterca
447 1137 531 1222 quod
554 1139 587 1202 in
612 1135 639 1201 Ο
663 1137 754 1202 extat
777 1129 863 1216 per-{c
886 1133 907 1202 i.
932 1155 959 1200 6.
983 1137 1128 1216 perimne.
1168 1130 1207 1196 In
1224 1130 1253 1195 D
1271 1136 1378 1196 autem

252 1268 395 1329 peremne
435 1267 498 1310 non
532 1247 595 1312 nisi
629 1267 669 1311 ex
699 1240 730 1306 V
758 1243 898 1307 transire
932 1244 1076 1326 poterat,
1114 1263 1190 1307 nam
1223 1239 1250 1305 G
1281 1240 1380 1305 habet

256 1376 400 1438 perenne.

345 1461 449 1541 35‚18

413 1572 530 1651 Mapna
557 1567 690 1630 Caecilio
713 1567 892 1630 incolatu
916 1576 1024 1631 mater.

344 1675 479 1742 Veteres
502 1697 577 1741 usos
600 1695 667 1738 esse
689 1674 751 1737 hac
767 1673 870 1738 forma
885 1677 1030 1739 incalcata
1046 1673 1161 1738 scimus
1179 1678 1212 1740 61
1230 1697 1269 1740 ex
1284 1673 1381 1741 Gellii

254 1785 439 1850 testimonio
479 1782 573 1867 (Hp)
608 1785 642 1845 61
677 1801 715 1845 ex
751 1780 892 1865 antiquis
931 1783 1123 1865 scriptorum
1163 1779 1380 1848 Romanorum

254 1891 424 1957 codicibus.
470 1887 509 1955 In
542 1888 572 1952 V
602 1911 671 1955 eam
706 1891 872 1954 exaratam
900 1889 996 1954 fuisse
1025 1888 1190 1975 colligitur
1219 1911 1258 1954 cx
1289 1892 1381 1955 16611-

254 1999 362 2065 monio
390 1997 505 2064 codicis
534 1996 572 2062 0.
623 1996 791 2062 Praeterea
818 1997 852 2062 in
882 2019 911 2061 v.
945 1997 985 2062 13
1017 1995 1112 2062 huius
1135 1997 1285 2062 carminis
1312 2021 1380 2064 cor-

255 2109 387 2190 ruptum
416 2103 496 2170 illud
525 2107 697 2169 indotatam
725 2103 794 2169 sine
821 2103 917 2169 dubio
946 2109 1054 2171 ortum
1081 2107 1130 2170 cst
1159 2125 1196 2170 ex
1220 2105 1381 2191 scriptura

253 2218 439 2292 incohatam,
470 2234 534 2278 non
563 2216 748 2278 inchoatam.
795 2213 900 2290 Quare
928 2211 1027 2277 etiam
1057 2211 1090 2275 in
1115 2209 1144 2274 D
1171 2217 1318 2279 incalcata
1342 2237 1382 2279 ex

254 2321 286 2387 V
308 2322 473 2387 transiisse
502 2344 546 2406 pu
548 2322 703 2401 labimus,
729 2343 795 2434 non
823 2342 897 2387 casu
925 2323 1033 2386 ortum
1057 2340 1124 2384 6666
1148 2341 1187 2386 ex
1211 2323 1327 2389 codicis
1353 2321 1381 2387 G

254 2431 414 2515 scriptura
437 2433 594 2498 inchoata.

344 2537 435 2602 Idem
468 2535 672 2603 iudicandum
706 2537 792 2602 videt
778 2540 832 2602 tur
861 2537 899 2602 dc
935 2536 979 2602 eis
1013 2535 1101 2616 locis,
1137 2536 1297 2619 quibus'
1287 2559 1321 2600 m
1352 2536 1381 2601 D

255 2643 394 2708 habetur
426 2665 629 2727 posquam,
665 2646 698 2708 et
683 2642 762 2708 tG
795 2647 829 2709 et
863 2643 975 2710 ceteris
1010 2643 1169 2709 codicibus
1202 2653 1381 2728 postquam:

259 2750 365 2829 1133.
396 2749 583 2832 64,303.84,
587 2753 639 2820 11.
686 2750 771 2818 Illud
801 2754 886 2819 enim
914 2755 948 2818 in
983 2751 1044 2818 hee
1078 2773 1112 2817 re
1147 2750 1382 2838 neglegendum

255 2881 319 2924 non
359 2861 422 2938 est,
462 2860 595 2945 quod
586 2882 619 2925 in
654 2858 682 2924 O
714 2872 784 2945 pant
817 2861 979 2928 interdum
1013 2861 1200 2947 compendio
1235 2859 1381 2926 adhibito

255 2968 299 3034 sic
347 2992 369 3051 p
419 2969 519 3052 script
522 2991 576 3033 um
622 2972 687 3035 est:
747 2971 799 3048 64
803 2970 878 3048 303
881 2971 957 3035 396
961 2969 1038 3047 676
1077 2977 1255 3051 postquam,
1306 2968 1381 3046 84,9

255 3079 396 3156 pastilla,
433 3077 475 3138 64
478 3076 564 3154 278
569 3077 643 3140 322.
679 3077 732 3155 66
736 3077 778 3142 80
812 3086 892 3160 post.
939 3075 1028 3152 Quod
1058 3074 1278 3159 compendium
1309 3097 1380 3141 eum

256 3203 315 3264 pro
343 3203 379 3244 aa
406 3181 484 3265 poni
512 3183 629 3262 soleat,
658 3183 697 3248 61.
720 3183 836 3248 Baebr.
862 3207 937 3251 ann.
962 3185 1034 3252 erit.
1010 3182 1098 3248 tad
1123 3182 1231 3263 64,11,
1254 3183 1381 3250 illud
1357 3208 1380 3268 p

257 3312 320 3355 non
353 3298 423 3372 post
457 3289 511 3353 scd
546 3312 603 3372 poa
638 3290 862 3374 explicandum
896 3296 946 3358 661
975 3295 1009 3357 61
1037 3291 1218 3376 ponendum
1249 3295 1298 3357 661
1321 3292 1381 3358 hoc

256 3397 361 3481 ipsum
391 3397 424 3460 in
447 3393 479 3460 V
507 3401 676 3462 exaratum
703 3398 800 3464 161666
828 3405 926 3485 atquc
955 3423 995 3466 cx
1022 3401 1083 3466 hoe
1106 3403 1175 3465 tum
1200 3399 1233 3464 in
1257 3399 1285 3466 Ο
1310 3404 1381 3466 tum

257 3506 290 3569 in
314 3504 343 3569 D
367 3503 598 3589 transcriptum
621 3527 698 3571 6666.
734 3505 869 3573 Ganim
893 3508 1010 3593 ubique
1031 3519 1196 3593 postquam
1212 3512 1246 3573 61
1260 3509 1381 3577 similia
1505 3561 1508 3567 -

256 3613 398 3676 exhibet.
445 3609 584 3676 Videtur
613 3617 720 3680 autern
749 3619 787 3680 ut
818 3617 879 3682 hoa
906 3617 1019 3682 addam
1047 3618 1268 3703 compendium
1296 3621 1378 3704 quod

257 3721 288 3784 in
306 3719 334 3785 0
358 3723 449 3785 extat
472 3719 555 3785 idem
578 3743 646 3789 6666
670 3727 769 3808 atque
784 3724 874 3802 illud,
898 3724 982 3810 quod
999 3725 1030 3789 in
1047 3725 1206 3790 codicibus
1222 3725 1381 3795 Plautinis

257 3825 496 3899 babemusLin
520 3829 562 3911 p’,
592 3830 632 3896 61.
657 3831 793 3899 Ritschl.
818 3855 925 3918 opusc.
949 3832 998 3918 (II
1020 3831 1113 3920 549),
1144 3835 1203 3899 6161
1231 3836 1315 3921 quod
1339 3839 1380 3902 ab

257 3936 329 4001 61116
353 3935 492 3999 librariis
514 3939 625 4018 paullo
649 3939 744 4005 aliter
767 3940 943 4005 formatum
966 3945 1024 4008 661.

347 4042 492 4125 Denique
529 4045 650 4122 64,326
680 4046 709 4110 D
743 4069 815 4112 enm
850 4048 895 4112 eis
926 4048 1017 4112 libris
1046 4049 1125 4114 16611
1153 4053 1209 4136 qui
1236 4064 1380 4119 acuuntur

258 4150 411 4215 exhibent
434 4149 571 4228 BLa10,
597 4174 668 4228 aurp
685 4157 719 4219 in
736 4153 762 4217 G
780 4157 813 4217 61
829 4156 943 4221 ceteris
959 4163 1126 4224 exaratum
1143 4161 1186 4225 sit
1201 4173 1379 4245 sequuntur,

258 4256 489 4338 mufflss
