3240 4938
808 316 950 400 13γ

264 517 344 582 deG
368 521 546 583 ceterorum
570 515 726 580 librorum
750 513 926 596 archetypo
949 513 1143 578 sententiam
1167 512 1268 578 firmis
1289 535 1387 599 argu-

263 626 377 690 mentis
400 645 518 690 carere.
559 620 643 687 Fieri
667 621 752 684 enim
775 623 893 704 potest,
918 622 955 684 ut
978 619 1054 684 libri
1070 620 1129 698 illi,
1153 622 1299 705 quamvis
1314 643 1385 687 cum

262 728 491 798 correctoreG
520 728 738 807 consentiant,
774 736 882 793 tamen
913 749 977 792 non
1007 748 1046 791 ex
1075 728 1150 807 hoc,
1187 730 1240 795 sed
1276 751 1315 794 ex
1350 751 1387 794 eo

262 840 361 918 libro,
392 840 431 904 ad
465 861 561 922 quern
590 837 645 901 ille
669 841 830 901 correctus
853 839 917 915 est,
946 835 1102 920 originem
1127 837 1296 904 traxerint.
1343 835 1387 900 Et

261 949 328 1011 iam
362 970 459 1030 supra
494 969 527 1011 se
560 945 749 1010 obtulerunt
778 945 870 1010 nobis
900 947 1063 1008 momenta
1096 946 1269 1028 quaedam,
1305 967 1387 1030 quae

263 1059 376 1119 contra
402 1053 588 1119 Baehrensii
611 1052 804 1118 senteutiam
827 1053 1030 1137 pugnabant,
1060 1052 1214 1132 alterum,
1245 1054 1329 1136 quod
1352 1052 1387 1119 in

264 1161 292 1250 G
317 1162 453 1226 habetur
478 1165 583 1224 certus
607 1181 756 1225 numerus
781 1157 933 1222 vitiorum
956 1157 1078 1224 scribae
1102 1181 1209 1223 errore
1232 1166 1386 1242 ortorum,

264 1270 380 1352 quibus
398 1267 425 1330 D
449 1275 481 1333 et
498 1268 522 1332 L
539 1273 572 1335 et
593 1267 692 1335 ceteri
714 1267 841 1342 vacant,
866 1265 1014 1343 alterum,
1039 1266 1123 1349 quod
1147 1266 1246 1332 etiam
1266 1266 1386 1333 talibus

265 1376 350 1454 locis,
377 1376 430 1440 ubi
453 1375 527 1460 quid
551 1377 656 1461 prima
681 1395 793 1439 uranus
817 1372 982 1456 scripserit
1005 1374 1070 1460 legi
1094 1373 1159 1439 iarn
1182 1396 1245 1440 uon
1268 1379 1385 1460 potest,

263 1506 337 1567 pars
362 1489 540 1548 ceterorum
564 1485 719 1549 libroruin
743 1481 775 1544 id
797 1480 936 1561 exhibet,
962 1483 1045 1565 quod
1062 1506 1080 1546 a
1097 1483 1203 1567 prima
1218 1488 1385 1549 exaratum

262 1591 358 1657 fuisse
382 1615 422 1655 ex
444 1593 560 1657 codicis
585 1590 612 1656 Ο
636 1589 796 1673 scriptura
820 1589 992 1654 verisimile
1015 1595 1074 1655 est.

351 1699 474 1764 Revera
491 1705 599 1774 autern
614 1696 641 1761 G
659 1719 721 1762 non
738 1719 804 1762 esse
820 1696 1019 1781 archetypon
1034 1703 1213 1765 ceterorum
1229 1699 1386 1765 librorum

261 1809 402 1873 omniurn
432 1804 645 1888 demonstrari
674 1808 780 1887 potest
803 1805 998 1888 comparatis
1022 1806 1233 1890 seripturis
1257 1807 1387 1892 dupli-

262 1917 386 1992 cibus,
431 1936 512 1997 quae
557 1914 590 1976 iu
628 1913 685 1976 illo
724 1913 805 1978 libro
844 1918 878 1976 et
919 1913 950 1977 in
991 1913 1183 1978 Bononiensi
1222 1913 1263 2002 (Β
1301 1916 1385 2000 apud

262 2020 425 2107 Ellisiurn)
450 2024 573 2086 extant.

351 2129 400 2194 De
443 2126 609 2212 scripturis
653 2125 832 2209 duplicibus
876 2129 950 2193 libri
989 2126 1018 2192 G
1055 2128 1167 2192 similis
1211 2134 1309 2214 atque
1347 2134 1385 2197 de

262 2238 509 2303 correctionibus
537 2237 622 2298 inter
646 2235 729 2298 viros
753 2237 861 2302 doctos
885 2237 1043 2302 dissensus
1067 2241 1124 2303 est.
1171 2237 1386 2306 Baehrensius

261 2347 345 2411 enirn
369 2369 421 2412 eas
445 2365 554 2410 ornnes
577 2343 617 2407 ab
634 2343 741 2408 eodem
758 2345 872 2423 scriba,
897 2344 951 2429 qui
967 2345 1070 2428 ipsuur
1088 2351 1212 2409 textum
1229 2349 1383 2427 exaravit,

261 2476 300 2518 ex
323 2455 499 2539 archetypo
523 2451 552 2516 V
578 2451 788 2534 transcriptas
816 2474 883 2516 esse
913 2457 1023 2537 putat,
1054 2460 1090 2517 ut
1117 2455 1174 2537 qui
1202 2455 1234 2518 in
1265 2455 1328 2518 illis
1353 2462 1386 2520 ct

262 2563 294 2626 in
320 2568 411 2626 textu
438 2563 569 2626 eandem
599 2581 729 2623 manum
753 2582 942 2646 cognoscere
966 2560 1026 2625 sibi
1051 2563 1135 2626 visus
1159 2562 1211 2628 sit.
1258 2561 1327 2637 Qua
1351 2569 1385 2628 in

264 2693 296 2734 re
318 2691 513 2754 quamquam
544 2671 634 2744 sunt,
664 2665 720 2749 qui
747 2668 776 2731 ei
806 2666 1022 2749 astipulentur
1047 2665 1265 2755 (Woelfflinus
1290 2677 1382 2738 nunt.

194 2785 197 2790 '
262 2778 347 2842 erud.
373 2776 462 2842 Gott.
490 2777 575 2840 1855
599 2797 630 2859 p.
653 2773 737 2839 1982
761 2771 892 2837 Ellisius
916 2775 963 2841 ed.
988 2776 1045 2843 alt.
1070 2798 1101 2860 p.
1118 2775 1250 2864 XLIX),
1275 2781 1384 2844 tamen

261 2887 317 2952 alii
350 2887 445 2951 aliter
480 2886 518 2950 de
551 2907 588 2949 ea
624 2905 657 2947 re
690 2883 921 2947 indicaverunt.
981 2882 1070 2948 Inter
1104 2907 1182 2968 quos
1219 2884 1383 2951 Bonnetns

260 3003 386 3080 partem
416 2993 648 3077 scripturarum
676 2991 808 3054 illarum
837 2991 878 3056 ab
907 2989 975 3075 ipso
1003 2992 1079 3056 libri
1102 2991 1129 3058 G
1161 2994 1265 3058 scriba
1288 2993 1385 3059 simul

262 3124 334 3166 curn
357 3105 450 3166 textu
473 3105 639 3164 exaratam
656 3099 755 3162 videri
773 3098 925 3177 affirmat,
950 3106 1075 3182 partem
1092 3105 1200 3166 autem
1217 3101 1257 3166 ab
1273 3101 1383 3166 eadem

262 3233 359 3274 manu
397 3208 550 3291 scriptam
588 3229 652 3291 qua
691 3209 902 3274 correctiones
939 3212 1036 3292 atque
1076 3229 1115 3272 ex
1153 3208 1261 3273 eodem
1302 3209 1384 3274 libro

138 3345 146 3364 ·
262 3318 399 3402 petitam
423 3338 499 3381 esse.
536 3313 602 3378 Nos
624 3315 655 3378 in
673 3315 922 3382 eareBonneto
939 3316 1031 3383 fidem
1047 3315 1217 3393 habemns3
1241 3321 1383 3383 ceterum

263 3432 370 3490 utram
395 3423 584 3488 sententiam
610 3424 793 3506 probemus,
824 3445 889 3486 non
914 3425 1052 3488 multum
1075 3422 1221 3500 interest,
1252 3422 1383 3488 dubium

261 3534 346 3599 euim
375 3554 438 3596 non
470 3535 532 3608 est,
562 3532 639 3614 quin
667 3531 845 3615 scripturae
874 3530 949 3595 illae
978 3531 1119 3615 duplices
1150 3529 1181 3593 in
1207 3529 1236 3593 V
1264 3530 1385 3596 fuerint

261 3647 359 3726 atque
383 3663 422 3705 cx
444 3661 479 3704 eo
503 3662 693 3724 quacunque
717 3641 768 3705 via
792 3640 824 3702 in
850 3639 877 3702 G
901 3640 1115 3724 pervenerint.

349 3749 498 3814 Eiusdem
533 3749 660 3833 generis
696 3749 874 3833 scripturae
908 3753 985 3815 sunt
1019 3748 1118 3813 etiam
1156 3748 1188 3812 in
1229 3747 1311 3812 libro
1346 3748 1383 3826 B,

260 3880 338 3941 quas
363 3858 426 3922 iam
450 3879 521 3922 curn
546 3855 574 3921 G
597 3855 862 3940 comparabimus.
904 3854 1113 3942 Undeviginti
1135 3855 1167 3919 in
1189 3878 1225 3922 eo
1243 3857 1383 3939 duplices

260 3966 438 4050 scripturae
461 3964 631 4042 habentur,
657 3984 738 4047 quae
762 3964 889 4030 eaedem
914 3964 946 4027 in
971 3962 999 4028 G
1023 3970 1153 4029 extant:

349 4073 403 4151 2,3
425 4077 539 4156 pelenti
563 4076 595 4136 cl
616 4077 735 4156 paleati
1191 4061 1197 4068 ¹

353 4182 448 4259 1027
473 4184 640 4245 desertio!
663 4184 778 4265 deferri

352 4289 426 4367 122
449 4294 517 4355 ioco
541 4292 574 4352 ol
595 4294 663 4354 loro
