3240 4938
798 329 841 395 53

261 512 408 596 respexit.
459 508 572 594 Neque
605 517 714 574 tamen
743 508 821 574 baec
848 530 957 573 versus
986 529 1061 590 pars
1093 509 1180 573 omni
1203 511 1385 592 corruptela

261 620 404 700 vacabat,
430 617 483 682 scd
508 618 679 682 laborabat
703 615 838 699 antiquo
861 615 992 680 mendo:
1014 637 1150 698 propere
1164 638 1223 700 pro
1238 639 1386 700 peperere

259 728 323 793 iam
352 727 386 790 in
411 725 442 789 V
472 725 625 809 scriptum
654 723 750 789 fuisse
780 744 819 787 cx
850 723 992 789 codicum
1016 743 1171 788 consensu
1194 723 1385 809 colligimus,

260 834 303 900 Et
328 835 443 899 falsum
467 833 528 898 hoo
548 855 683 917 propere
706 833 773 895 sine
797 831 893 898 dubio
918 831 1016 898 etiam
1040 830 1074 896 in
1097 852 1154 896 suc
1170 830 1275 896 codice
1299 833 1386 918 lege·

259 944 330 1020 bat3
344 943 399 1006 ille
411 941 512 1026 igitur
523 962 625 1025 neque
638 961 763 1004 versum
776 943 861 1005 recte
874 940 1023 1005 scandere
1036 939 1386 1024 potuitnequeomnino

260 1048 451 1114 sententiam
464 1049 635 1128 intellexit,
648 1047 702 1112 sed
715 1048 823 1109 tamen
835 1045 943 1111 divina
954 1047 1201 1131 quaeratanimi
1209 1045 1386 1132 sagacitate

262 1178 388 1239 cumque
399 1155 479 1220 illud
492 1156 740 1236 recteprcotqae
748 1152 900 1235 reposuit.
913 1153 1020 1233 Vides,
1028 1150 1385 1238 quantaprcbabilitate

258 1267 318 1330 hoc
331 1265 400 1329 loco
413 1260 734 1328 correctorismanum
749 1259 1385 1346 agnoscamus,—Quarecumdecorrec-

258 1374 346 1438 tione
359 1372 412 1437 hio
427 1369 563 1457 cogitari
579 1391 642 1434 non
658 1368 770 1454 possit,
787 1390 804 1433 c
819 1368 924 1434 codice
938 1369 976 1450 G,
993 1371 1025 1434 in
1038 1392 1101 1454 quo
1114 1379 1205 1452 otqrre
1217 1371 1385 1434 exaratum

258 1484 321 1559 cst,
358 1478 387 1542 D
423 1501 486 1544 non
522 1477 647 1542 videtur
682 1477 845 1542 derivatus
875 1499 957 1558 esse,
994 1478 1047 1542 sed
1080 1499 1119 1542 ex
1146 1477 1215 1560 ipso
1245 1475 1276 1539 V
1305 1476 1384 1542 illud

258 1610 386 1672 eramque
414 1587 448 1650 in
471 1585 501 1649 D
530 1584 695 1650 transiisse
724 1587 906 1670 ponendum
935 1589 993 1652 est.
1039 1582 1123 1652 Nam
1151 1607 1191 1650 ex
1214 1582 1241 1649 Ο
1265 1587 1322 1650 aut
1346 1606 1385 1648 ex

257 1695 294 1778 B,
318 1693 461 1780 quorum
480 1694 536 1759 ille
561 1715 703 1777 cumque,
734 1692 787 1759 hio
811 1704 902 1777 alque
927 1697 967 1762 ul.
993 1715 1120 1778 cumque
1143 1692 1287 1779 praebet,
1312 1715 1384 1758 eum

257 1804 387 1869 fluxisse
410 1823 503 1867 nemo
527 1804 661 1880 statuet,
690 1800 747 1884 qui
770 1808 920 1867 naturam
944 1802 1059 1866 borum
1083 1802 1226 1867 codicum
1249 1803 1382 1868 noverit.

260 1911 411 1976 Efficitur
441 1912 565 1988 autem,
595 1913 632 1974 ut
659 1909 725 1974 iam
754 1930 851 1992 supra
875 1909 919 1994 (p.
947 1911 1002 1996 15)
1028 1909 1172 1988 vidimus,
1196 1911 1384 1976 excelletis

257 2016 425 2103 scripturis
460 2017 616 2119 librorum
652 2014 738 2081 GOB
776 2017 809 2080 in
844 2017 1019 2102 archetypo
1048 2016 1078 2080 V
1107 2017 1191 2082 hanc
1223 2016 1383 2101 duplicem

257 2180 450 2263 scripturam
480 2177 624 2244 extitisse
654 2133 756 2263 iiiii
815 2176 924 2266 Atque
953 2177 1027 2244 hinc
1056 2179 1140 2266 quod
1168 2179 1273 2266 ipsum
1302 2177 1383 2243 illud

257 2311 384 2373 eramque
411 2287 444 2352 in
469 2286 500 2353 V
523 2290 690 2354 exaratum
714 2287 811 2355 fuisse
834 2288 965 2368 scimus,
996 2289 1099 2354 multo
1123 2285 1320 2374 probabilius
1345 2287 1382 2351 fit

254 2397 447 2481 scripturam
480 2396 608 2463 libriD
638 2392 820 2463 eVinD
849 2396 1043 2482 pervenisse,
1074 2420 1137 2462 non
1161 2421 1180 2464 a
1203 2399 1382 2464 correctore

256 2504 429 2588 repositam
456 2525 533 2572 esse.
687 2515 688 2518 ’

344 2611 465 2691 68,119

416 2722 496 2785 Nam
519 2740 616 2802 aeque
639 2728 712 2783 tam
736 2739 844 2783 curum
868 2722 1007 2802 confecto
1031 2729 1132 2786 octale
1153 2724 1277 2806 porculi

470 2830 538 2893 Uno
562 2837 655 2912 copul
677 2830 740 2893 scri
762 2836 839 2892 nolu
862 2831 982 2912 nepotis
1006 2831 1069 2894 alit.

344 2936 381 3002 In
406 2937 436 3002 D
461 2940 547 3002 recte
571 2936 725 3020 scriptum
750 2939 798 3000 est
821 2959 877 3002 aec
900 2946 977 3015 lam,
1009 2936 1043 3002 in
1066 2935 1105 3018 G,
1129 2957 1253 3018 exque
1277 2934 1380 3001 Data·

254 3068 331 3110 num
358 3045 537 3111 derivatum
562 3065 629 3109 esse
652 3043 764 3109 dicunt
787 3066 842 3110 aec
866 3065 972 3109 cuasa.
1019 3040 1063 3106 Et
1086 3064 1149 3126 quo
1172 3064 1278 3108 errore
1301 3043 1380 3108 haec

255 3152 316 3216 duo
338 3155 436 3218 verba
464 3151 644 3236 permutari
671 3151 852 3236 potuerint,
881 3150 946 3215 iam
969 3151 1024 3216 diu
1047 3151 1242 3237 explicatum
1266 3155 1315 3216 est
1338 3153 1378 3219 cf.

256 3256 422 3336 Schwabe,
446 3259 493 3324 ed.
518 3259 619 3343 praef.
636 3281 668 3345 p.
684 3257 788 3325 XXV.
824 3257 909 3324 Illud
933 3269 996 3325 tam
1019 3284 1038 3326 a
1061 3260 1194 3327 librario
1217 3281 1234 3324 c
1256 3260 1379 3326 coniec-

254 3369 328 3429 tura
364 3365 538 3448 repositum
574 3389 642 3433 esse
675 3389 804 3452 prorsus
833 3366 1019 3434 incredibile
1049 3370 1113 3445 est;
1141 3389 1240 3450 quare
1270 3391 1377 3434 veram

253 3473 444 3557 scripturam
470 3473 533 3538 eV
557 3474 635 3540 inD
659 3475 824 3542 transiisse
846 3475 1025 3562 putandum
1049 3479 1107 3542 est.
1138 3474 1225 3550 Quae
1248 3478 1378 3542 senten-

252 3581 299 3646 tia
323 3602 433 3645 rursus
456 3583 548 3648 valde
572 3607 609 3650 ec
633 3585 849 3665 confirmatur,
874 3584 957 3669 quod
981 3585 1015 3650 in
1039 3582 1070 3647 V
1094 3583 1253 3669 duplicem
1276 3587 1377 3672 scrip·

410 3693 453 3732 lum

252 3747 359 3809 turam
384 3767 481 3813 causa
505 3747 650 3813 extitisse
674 3769 691 3812 e
714 3749 839 3813 collatis
863 3747 1021 3814 librorum
1047 3744 1239 3813 testimoniis
1259 3769 1377 3834 cogno-

251 3850 383 3916 scimus:
413 3854 511 3919 habet
534 3853 619 3918 enim
643 3852 670 3919 Ο
695 3865 772 3934 lum,
796 3855 824 3920 B
852 3857 885 3920 in
909 3856 1002 3921 textu
1027 3875 1139 3932 causa,
1168 3853 1201 3918 in
1231 3858 1376 3943 margine

252 3961 285 4023 ul
312 3981 410 4043 aeque
438 3970 501 4024 tum
531 3957 584 4046 (cl.
614 3983 646 4044 p.
679 3961 744 4046 15).
790 3962 880 4028 Idem
907 3963 1010 4047 igitur
1038 3983 1078 4025 ex
1103 3961 1163 4026 hoc
1186 3963 1255 4029 loco
1278 3967 1377 4048 atque

254 4089 292 4132 ex
315 4067 421 4150 priore
445 4067 503 4133 illo
527 4067 624 4146 salt
649 4089 843 4152 consequens
867 4067 915 4147 fit,
940 4066 970 4131 D
994 4090 1057 4134 non
1081 4091 1098 4134 e
1120 4065 1267 4135 codiceG
1292 4067 1376 4133 deri-

253 4180 363 4239 vatum
388 4196 464 4240 esse.

340 4281 418 4363 aaa
