3240 4938
802 296 845 359 64

348 474 537 541 Baehrensii
567 480 675 541 autem
703 475 878 556 sententia,
909 474 964 558 qui
991 475 1073 539 teies
1097 473 1273 560 scripturas
1297 473 1330 538 in
1357 475 1386 539 D

259 582 426 649 restitutas
464 603 531 649 esse
566 586 673 648 censet
701 605 720 647 a
756 580 898 662 librario,
934 583 990 667 qni
1026 581 1145 647 maiore
1179 581 1386 665 antiquitatis

258 692 362 777 specie
396 691 515 756 librum
544 711 635 754 suurn
664 689 792 754 afficere
820 688 933 770 vellet,
963 713 1034 755 cum
1063 712 1120 775 per
1149 711 1181 754 se
1204 690 1268 754 iem
1290 689 1385 756 dubi-

259 799 376 865 tationi
410 799 546 865 obnoxia
581 820 648 865 esse
681 797 789 875 debet,
826 801 897 863 tum
933 801 1103 883 propterca
1137 796 1222 880 quod
1257 799 1382 864 eaedem

262 907 441 990 scripturae
475 904 592 972 eisdem
627 904 704 971 locis
739 907 771 970 et
799 904 831 968 in
862 904 891 970 D
921 909 954 972 et
982 905 1017 971 in
1043 904 1071 970 0
1099 908 1225 984 extant,
1256 927 1383 989 prorsus

260 1012 456 1098 repudianda
491 1014 548 1077 est.
595 1009 700 1086 Quare
734 1034 794 1096 pro
832 1017 920 1081 certe
954 1012 1118 1079 affirmare
1153 1011 1231 1077 iicet
1261 1011 1319 1079 hes
1347 1011 1385 1077 de

260 1120 376 1206 quibus
404 1118 509 1186 adhuc
537 1118 659 1205 egimus
688 1118 806 1187 formas
835 1123 868 1187 in
898 1121 967 1208 ipse
989 1120 1020 1184 V
1048 1123 1197 1186 exaratas
1227 1118 1324 1184 fuisse
1353 1123 1387 1184 et

259 1229 332 1295 inde
356 1228 389 1292 in
412 1226 443 1291 D
467 1227 640 1292 transiisse.

348 1334 417 1411 Quo
446 1334 655 1401 fundamento
684 1336 747 1402 nisi
775 1336 840 1402 inm
869 1335 984 1402 fortius
1007 1335 1250 1422 progrediemur
1275 1338 1308 1399 et
1332 1357 1385 1402 cas

260 1464 385 1528 queque
409 1442 529 1509 formas
552 1445 682 1527 priscas,
707 1446 845 1528 quaein
869 1445 936 1508 solo
958 1444 999 1525 D,
1023 1467 1087 1510 non
1110 1442 1189 1510 inO
1214 1443 1385 1522 habentur,

262 1551 302 1616 ad
326 1551 444 1617 librum
467 1549 499 1615 V
522 1550 710 1645 referemus:

352 1659 429 1739 553

420 1771 647 1846 Demostres,
671 1769 723 1832 nbi
745 1772 806 1834 sint
822 1778 893 1834 tuae
909 1772 1062 1835 tenebrae.

348 1880 524 1943 Demostres
556 1877 677 1943 hebent
704 1876 734 1941 D
762 1881 796 1941 et
824 1877 908 1942 alter
931 1875 1167 1942 Laurentianus
1191 1873 1268 1962 (Le¹
1299 1874 1383 1957 apud

259 1982 432 2071 Elisium),
457 1988 620 2051 demostret
643 2009 677 2066 a,
700 1986 798 2050 ceteri
822 1986 979 2050 usitatum
1003 1986 1190 2048 denncnstres
1213 1983 1383 2058 exhibent3

259 2091 298 2156 cf.
324 2090 564 2158 Fleckeisenum
588 2094 622 2156 in
645 2091 752 2157 lahnii
775 2115 851 2160 ann.
876 2091 933 2156 LX
956 2115 988 2176 p.
1014 2092 1089 2157 261.

347 2198 470 2265 Ibidem
485 2224 518 2285 p.
534 2200 601 2266 255
624 2198 706 2263 idem
728 2199 777 2265 vir
799 2201 911 2267 doctus
934 2202 1004 2288 agit
1026 2201 1065 2265 de
1088 2199 1248 2283 scriptura
1273 2218 1377 2275 cassa,

258 2328 356 2389 quam
380 2305 409 2369 D
435 2308 512 2385 6,10
535 2307 652 2373 habet:

417 2413 547 2478 Attrttns
570 2417 748 2498 tremulique
773 2396 892 2480 cassa
915 2419 994 2483 lecti.

257 2521 295 2587 In
318 2520 424 2588 codice
453 2544 472 2586 a
501 2543 592 2588 cassu
620 2525 807 2608 corruptum
831 2524 936 2591 estin
961 2547 1047 2605 casu,
1071 2525 1103 2588 iu
1127 2524 1241 2589 ceteris
1264 2544 1381 2607 pacasse

258 2630 415 2716 scriptum
440 2633 497 2695 est.

348 2737 424 2816 23‚8

417 2846 528 2910 Pulcre
553 2851 794 2931 ccnqnoquin's,
818 2850 894 2911 ninii
916 2850 1038 2912 timetis.

350 2953 568 3039 Conqaopnitis
605 2956 705 3020 habet
740 2953 787 3035 D,
831 2959 1018 3040 noncopantis
1056 2955 1169 3032 eeteri;
1209 2954 1249 3020 ci.
1288 2953 1379 3019 Lucr.

258 3061 305 3128 VI
330 3061 406 3128 858.

347 3171 468 3254 61,127
494 3169 589 3261 (120)

418 3283 629 3346 Fescennina
651 3285 764 3347 locatio

345 3385 429 3452 Ine
453 3389 486 3452 et
508 3387 541 3452 in
558 3388 718 3472 plerisque
735 3389 825 3454 libris
837 3391 929 3453 extat
943 3391 1132 3471 fescennina,
1150 3385 1184 3452 in
1200 3385 1229 3450 D
1245 3389 1375 3469 fuscen-

255 3499 330 3562 ninc
342 3498 376 3559 et
388 3494 471 3559 idem
487 3496 537 3560 vel
550 3495 653 3560 simile
666 3495 786 3579 aliquid
798 3497 833 3562 in
849 3494 876 3560 B
893 3500 925 3560 et
941 3495 1012 3560 aliis
1029 3495 1218 3580 quibusdem
1234 3495 1380 3560 habetur.

255 3601 420 3688 Expliceri
444 3605 551 3685 potest
574 3602 652 3667 haec
668 3602 829 3686 scripture
852 3604 936 3682 inde,
960 3604 1045 3686 quod
1061 3609 1184 3668 veteres
1200 3603 1261 3668 hoc
1278 3602 1382 3666 adiec-

257 3713 359 3776 tivum
382 3733 401 3774 a
424 3733 499 3776 voce
521 3715 662 3795 fascinus
688 3708 887 3776 derivabant.
924 3711 1012 3788 Quae
1036 3710 1191 3775 derivatio
1207 3710 1273 3775 iam
1289 3708 1382 3774 Festo

257 3824 333 3883 nota
361 3822 447 3897 erat,
480 3839 520 3883 ex
546 3840 610 3904 quo
640 3817 759 3885 Paulus
781 3841 813 3902 p.
839 3819 983 3885 8511aec
1012 3819 1185 3903 excerpsit:
1212 3821 1383 3901 fescennini

256 3949 373 4005 uersare,
397 3929 450 4010 qui
472 3931 663 3994 canebantur·
685 3931 716 3992 in
740 3929 864 4009 nuptie,
881 3947 920 3990 en
943 3929 1019 3992 arte
1034 3930 1223 3992 Fescennina
1239 3930 1382 3991 dicaretur

256 4037 344 4099 allati
377 4037 441 4098 sive
475 4037 543 4100 ideo
579 4040 668 4114 dicti,
703 4038 775 4118 quta
811 4037 1003 4116 fascinum
1038 4038 1228 4117 putabantur
1264 4057 1381 4100 arcere.

255 4141 369 4226 Itaque
399 4141 559 4225 scriptura
587 4141 645 4207 illa
673 4164 736 4207 neu
765 4141 892 4208 videtur
920 4144 1057 4228 simplici
1087 4166 1193 4208 errore
1224 4147 1297 4208 crta
1327 4142 1380 4206 sed

256 4248 435 4332 antiquitus
461 4249 581 4313 tradita
611 4271 687 4317 esse.
734 4249 794 4314 Sed
823 4250 977 4334 quidquid
1001 4251 1038 4315 de
1061 4251 1127 4315 eius
1152 4251 1274 4337 origiue
1297 4250 1381 4315 iudi-
