3240 4938
350 541 426 620 44‚8
450 545 579 605 uertitur
602 563 686 606 mens
710 542 742 604 al
763 549 869 602 ucrlur

351 685 449 763 64‚80
473 639 673 750 uedsareulur

351 829 472 909 ersus
495 784 650 910 almerus

351 937 449 1017 66,45
475 947 566 1020 utque
590 937 623 998 cl
645 954 773 1016 cumque

351 1047 445 1124 68‚91
474 1048 575 1126 frater
599 1045 631 1106 al
648 1045 746 1126 fratri

352 1153 473 1231 68,ll9
498 1173 553 1216 uec
577 1171 672 1214 causa
697 1153 729 1213 al
750 1171 847 1234 neque
871 1159 935 1214 tam

354 1261 430 1340 922
455 1281 524 1324 amo
548 1262 581 1323 cl
604 1267 688 1322 amat

255 1369 256 1373 ’
353 1369 427 1447 97,1
454 1369 598 1452 quicquid
622 1369 655 1430 ul
676 1369 840 1448 quicquam

352 1477 427 1555 98,4
453 1479 635 1559 carpatium
659 1476 692 1538 ul
715 1476 897 1555 carpatium

355 1585 453 1666 1002
477 1595 687 1649 trercueusum
712 1584 744 1645 ul
768 1602 969 1670 veronensium

355 1694 450 1772 100‚6
475 1703 519 1758 est
541 1695 636 1776 lpllur
660 1693 692 1754 al
715 1692 851 1772 eripitur

356 1802 451 1880 1033
476 1804 559 1866 numi
584 1802 616 1863 ul
638 1801 721 1862 mimi

261 1910 330 1976 lam
381 1910 406 1973 si
431 1907 685 1972 'Baehrensium
732 1905 909 1989 sequimur,
959 1927 1077 1989 ponere
1122 1905 1273 1971 debemus
1324 1904 1387 1972 'has

262 2017 517 2102 quattuordecim
541 2015 681 2096 duplices
705 2014 880 2098 scripturus
908 2037 971 2079 non
1002 2035 1041 2078 ex
1068 2012 1095 2078 G
1125 2013 1308 2096 descriptas,
1333 2013 1387 2078 sed

262 2149 280 2190 s
304 2125 408 2191 scriba
431 2123 506 2189 libri
524 2123 548 2185 B
574 2122 665 2187 fictas
688 2144 765 2188 esse.
800 2119 861 2188 Sed
881 2121 941 2188 hoc
957 2145 998 2187 ne
1014 2123 1149 2207 speciem
1165 2121 1293 2205 quidem
1312 2142 1388 2205 pro-

261 2232 441 2298 babilitatis
465 2230 579 2312 habel,
608 2253 683 2296 nam
708 2229 812 2314 siquid
835 2236 974 2308 certum,
1005 2231 1064 2296 hoc
1093 2229 1308 2297 ceru'ssimurn
1338 2235 1387 2294 est

260 2339 518 2426 quattuordecim
542 2339 600 2404 has
625 2339 800 2424 scripturas
825 2338 964 2404 eiusdem
981 2361 1047 2404 esse
1070 2337 1196 2425 generis
1213 2340 1310 2422 cique
1327 2361 1388 2402 un-

259 2450 417 2535 deviginti
440 2449 522 2527 illas,
550 2470 630 2532 quas
654 2469 751 2530 supra
775 2446 1031 2512 memoravimus.
1077 2445 1248 2512 Praeterea
1272 2468 1387 2531 qnam·

260 2577 355 2638 quam
381 2555 419 2620 de
444 2556 605 2620 nonnullis
621 2577 731 2619 earnm
748 2555 889 2620 dubitari
904 2558 1022 2639 polest,
1047 2563 1157 2620 ulrum
1173 2553 1207 2618 in
1224 2554 1387 2619 communi

262 2663 438 2746 archelypo
471 2662 629 2729 cediceV
659 2659 829 2726 exlilerinl
864 2684 977 2741 necne,
1014 2667 1124 2728 lamen
1158 2664 1198 2729 de
1226 2662 1298 2728 aliis
1328 2661 1388 2728 hoc

259 2771 357 2855 plane
381 2774 504 2834 certum
529 2769 671 2835 videtur:

350 2878 426 2958 30‚9
450 2882 520 2944 lude
544 2882 576 2942 al
598 2882 677 2943 idem
702 2877 729 2941 B
752 2881 823 2944 iude
846 2875 933 2943 DLG
957 2882 1036 2944 idem
1061 2874 1088 2942 Ο

350 2987 472 3067 68,119
495 3009 552 3052 uec
587 3009 684 3052 causa
719 2991 881 3116 cltnequc
910 2998 973 3054 tum
1003 2986 1030 3050 B
1065 2979 1120 3051 uec
1149 2995 1213 3052 lum
1243 2985 1302 3054 DO
1331 3011 1388 3055 uec

688 3087 750 3125 usu
770 3087 804 3115 au

499 3128 641 3196 causali
664 3153 719 3194 uec
743 3152 841 3194 causa
865 3129 889 3192 L

353 3238 451 3318 1003
475 3249 686 3312 treroneusunr
724 3217 771 3302 al
788 3218 992 3303 ‘de'roueusum
1028 3237 1054 3302 B
1092 3260 1292 3304 erronearum
1326 3239 1386 3306 DG

475 3345 726 3411 trercuccsumO
750 3349 967 3412 treronensium
985 3369 1066 3414 corr.
1083 3347 1116 3410 in
1132 3353 1342 3414 veronensium
1360 3349 1386 3413 L

263 3452 374 3537 Neque
410 3453 518 3532 66,45‚
556 3453 609 3517 ubi
644 3455 678 3518 in
713 3453 772 3520 DO
808 3478 945 3540 cumque,
979 3455 1013 3519 in
1048 3453 1105 3519 LG
1140 3466 1231 3539 alque
1254 3456 1385 3542 legitur,

261 3562 420 3647 duplicem
449 3563 643 3648 scripturam
671 3575 763 3649 alque
793 3568 825 3628 al
853 3586 979 3648 curruque
1002 3586 1083 3647 quse
1112 3564 1145 3627 in
1170 3563 1196 3628 B
1220 3568 1268 3629 esi
1292 3565 1386 3630 facile

261 3671 375 3755 negari
398 3676 504 3754 polest
528 3673 561 3737 in
579 3670 608 3735 V
625 3673 779 3753 exlilisse,
804 3695 875 3739 cum
901 3673 980 3737 illud
1006 3694 1132 3756 cumque
1148 3674 1186 3738 de
1203 3674 1386 3738 coniectura

259 3779 292 3841 in
323 3777 349 3841 B
384 3778 513 3844 illalum
548 3802 614 3846 esse
649 3782 800 3847 credibile
835 3803 897 3845 non
926 3782 980 3848 sil.
1037 3781 1155 3857 Quodsi
1184 3784 1307 3846 cerium
1337 3784 1386 3846 esl

259 3908 367 3950 omncs
390 3887 449 3951 has
473 3888 614 3972 duplices
637 3889 813 3974 scripturus
837 3913 875 3954 ex
899 3889 1008 3954 eodem
1033 3889 1120 3954 fonte
1143 3891 1178 3954 in
1202 3886 1386 3955 codicemB

258 3994 449 4074 pervenisse,
474 3996 643 4061 nonnullas
667 4003 775 4062 sutem
800 4019 910 4063 esrum
932 3997 966 4062 in
990 3996 1019 4062 G
1042 4021 1104 4063 non
1128 3998 1250 4077 haberi,
1276 3999 1329 4063 sed
1353 3997 1385 4061 in

259 4100 289 4166 V
313 4101 420 4182 fuisse,
445 4103 628 4169 codicemB
652 4127 716 4170 non
741 4129 779 4171 ex
796 4103 834 4184 G,
860 4105 913 4170 sed
938 4105 1023 4171 exV
1046 4105 1175 4172 fluxisse
1192 4126 1385 4189 consequens

258 4209 312 4288 fir,
337 4208 365 4275 G
389 4212 490 4296 igitur
519 4216 606 4280 certe
636 4236 697 4278 non
723 4215 864 4278 omnium
889 4217 1066 4280 ceterorum
1091 4216 1246 4280 librorum
1273 4212 1384 4280 arche·

260 4319 361 4401 lypon
386 4341 463 4387 esse.
