3240 4938
798 329 841 394 66

255 505 413 574 codicibus
426 507 512 585 fisus,
524 509 634 570 tamen
646 505 881 572 concedendum
896 509 945 570 est
958 505 1076 571 iniuria
1090 529 1160 571 euru
1175 508 1225 572 bis
1242 511 1380 578 testibus

255 613 350 680 fidem
356 613 515 681 habuisse.
533 611 619 680 Nam
632 616 706 697 post
718 610 878 680 Schwabii
891 613 929 679 de
942 613 1125 680 nominibus
1138 614 1258 680 Catulli
1271 618 1382 702 dispu-

255 721 557 809 tationem(quaest.
567 720 640 805 (tp.
650 721 748 807 8sq.)‚
762 722 892 787 dubium
906 744 969 786 uon
981 724 1041 798 est,
1054 723 1133 806 quin
1147 723 1228 788 illud
1240 726 1378 804 Quintus,

255 833 339 914 quod
366 828 528 896 XXXVII
552 830 626 909 6‚81
659 830 694 895 iu
722 830 884 896 nonnullis
909 829 1009 895 Plinii
1037 830 1197 897 codicibus
1222 835 1312 897 extat
1336 868 1378 879 -

255 939 296 1004 ab
320 940 393 1005 aliis
416 940 501 1003 enim
524 938 604 1003 illud
628 958 822 1021 praenomen
846 939 938 1004 abest
963 961 1128 1003 —errore
1152 943 1258 1003 ortum
1282 940 1324 1004 sit
1347 945 1380 1004 et

255 1071 293 1115 ex
317 1048 366 1112 his
390 1047 471 1113 idem
492 1067 685 1130 praenomen
703 1045 743 1111 ab
759 1043 853 1110 Italis
871 1046 944 1111 libri
961 1045 989 1110 D
1006 1046 1208 1131 inscriptioni
1225 1047 1379 1113 additum.

255 1155 333 1221 lude
356 1154 451 1220 simul
475 1154 620 1238 sequitur
642 1154 857 1219 coniecturam
884 1156 1009 1232 Quinte,
1035 1176 1131 1238 quam
1155 1154 1381 1222 Lachmauuus

257 1264 355 1341 67,12
385 1263 636 1341 commendavit,
665 1262 794 1345 probari
823 1284 887 1327 non
913 1284 1011 1346 posse.
1059 1260 1119 1328 Sed
1144 1265 1222 1330 lraee
1245 1287 1296 1330 res
1319 1286 1381 1329 nou

257 1369 342 1436 adD
366 1371 468 1436 solum
493 1371 644 1454 pertinet,
669 1373 702 1435 et
726 1368 873 1434 dubitare
899 1370 983 1446 licet,
1000 1394 1076 1435 uum
1094 1371 1331 1451 brachmanum,
1354 1374 1380 1438 si

256 1478 350 1543 unius
367 1477 396 1541 D
414 1478 597 1543 testimonio
620 1500 813 1563 praenomen
834 1478 914 1543 illud
931 1478 1086 1543 traditum
1103 1479 1227 1557 fuisset,
1250 1480 1381 1546 Datauo

258 1585 318 1650 soli
342 1585 402 1652 hac
425 1586 458 1649 iu
483 1585 634 1651 relidam
659 1586 828 1652 habiturus
852 1586 960 1650 fuerit.

345 1691 457 1780 Neque
491 1698 597 1760 tamen
634 1695 746 1781 negari
781 1698 888 1778 potest
917 1695 949 1757 iu
979 1694 1047 1778 ipso
1076 1696 1255 1762 carminum
1285 1700 1378 1762 textu

257 1803 500 1870 Lachmaunum
537 1802 614 1868 loeis
646 1801 810 1868 nonnullis
839 1803 960 1868 Datuni
991 1803 1150 1887 scriptura
1179 1803 1333 1868 confisum
1362 1829 1381 1869 a

257 1936 331 1980 vero
355 1914 527 1979 aberrasse.
565 1911 612 1977 De
634 1911 748 1996 quibus
771 1910 836 1976 iem
859 1911 1048 1976 disserentes
1072 1911 1232 1995 plerisque
1257 1934 1379 1978 eorrec-

257 2027 360 2089 torem
383 2020 664 2106 deprehendemus.
710 2029 714 2038 '

351 2128 495 2209 1,8--1o

421 2241 525 2316 Quare
547 2239 626 2301 tube
650 2239 704 2300 tibi
727 2237 876 2319 quidquid
898 2239 955 2301 boc
978 2237 1070 2299 libelli

421 2347 647 2426 Quuleeumque
671 2346 753 2426 quod
776 2352 912 2426 patrona
934 2346 1022 2425 oiryo

418 2456 491 2518 Plus
513 2475 574 2517 uuo
597 2460 722 2516 mouent
745 2472 877 2534 percurre
900 2454 1011 2514 saeclo.

345 2562 488 2627 Primum
512 2561 625 2627 horum
649 2581 811 2637 versuum,
839 2559 872 2622 iu
902 2580 964 2642 quo
988 2581 1028 2623 ex
1050 2559 1191 2624 codicum
1216 2560 1375 2643 scriptura

256 2675 311 2737 tibi
332 2673 411 2736 bute
433 2674 569 2735 metrum
594 2667 763 2732 turbatum
787 2672 845 2744 est,
873 2666 950 2731 Itali
973 2665 1176 2750 transpositis
1201 2665 1250 2729 his
1275 2667 1378 2732 verbis

256 2782 463 2844 sanaverunt.
496 2775 535 2840 In
559 2774 708 2839 alteroD
732 2795 796 2839 riou
820 2778 901 2858 quod
924 2774 978 2838 sed
995 2777 1114 2856 quidem
1130 2773 1271 2850 exhibet,
1296 2773 1377 2839 idem

257 2886 291 2952 in
315 2886 417 2952 altero
434 2882 651 2949 Laurentiano
676 2906 695 2946 a
712 2883 847 2947 secunda
863 2903 958 2945 mauu
976 2882 1164 2946 restitutum
1181 2886 1237 2945 est.
1276 2882 1376 2947 Lach-

257 2983 392 3062 mauuus
416 2995 543 3078 recepta
561 2990 684 3057 Dataui
708 2991 868 3074 scriptura
891 2990 968 3053 duos
993 3009 1099 3053 versus
1116 2989 1317 3054 intercidisse
1339 2989 1376 3054 ob

257 3103 526 3187 computationem
550 3123 641 3166 suam
669 3099 837 3182 archetypi
867 3097 1057 3182 paginarum
1088 3096 1194 3179 posuit
1224 3097 1264 3162 ad
1298 3097 1378 3162 huuc

258 3210 400 3276 modum:

421 3315 627 3393 Querebatur
652 3317 705 3378 tibi
730 3315 875 3395 quicquid
897 3315 954 3377 tec
978 3314 1069 3375 rrbelu·

422 3530 638 3611 Oualeeuuque
667 3529 786 3610 quidem

684 3644 821 3717 patr-ouo
845 3636 943 3715 oirpo,

420 3748 493 3810 Plus
516 3763 577 3808 uuo
600 3753 724 3808 ruauent
747 3763 880 3825 percurre
903 3740 1014 3804 saeclo.

258 3851 319 3918 Sed
343 3853 541 3937 computatio
574 3850 631 3916 illa
660 3850 757 3916 etiaur
783 3853 852 3913 turn
877 3852 962 3912 stare
986 3847 1116 3928 poterit,
1140 3846 1165 3912 si
1191 3847 1299 3911 nullus
1323 3846 1382 3911 luce

258 3961 326 4026 loeo
349 3958 490 4026 defectus
513 3960 680 4026 statuitur.
717 3957 939 4023 Lachmcunus
964 3955 1046 4018 euim
1063 3953 1266 4037 inscriptioni
1281 3953 1382 4018 totius

258 4066 333 4131 libri
368 4088 465 4131 unum
498 4071 626 4133 tantum
656 4066 772 4132 tribuit
801 4085 942 4141 versum,
978 4085 1048 4128 eum
1079 4066 1185 4127 tameu
1214 4060 1383 4146 quominus

258 4173 376 4238 trasei
410 4173 501 4239 daret
532 4174 613 4238 nihil
637 4173 791 4239 obstaret.
839 4169 951 4254 Neque
975 4171 1008 4235 iu
1033 4167 1136 4235 verbis
1160 4167 1237 4252 ipsis
1261 4165 1382 4250 aliquid

258 4282 351 4358 inest,
375 4281 415 4346 ob
440 4280 524 4364 quod
547 4279 706 4346 defectum
729 4279 883 4364 suspicari
908 4279 1015 4342 liceat.
1056 4275 1138 4340 Nam
1163 4277 1381 4357 qualecumque
